1728 2647
611 326 638 361 4
612 393 1648 458 gegen einen andern Koͤrper hinhielt, er leichte Koͤrper
614 450 1647 514 an ſich zog/ kniſterte und in der Dunkelheit, kleine
613 504 1647 568 Funkchen ſehen ließ. Weil der Bernſtein, electrum
613 561 1644 628 heiſt, ſo nannte man dieſes Feuer, eleetriſches Feuer.
613 618 1646 680 Man bemerkte hernach auch, daß Glas, Pech, Schwe⸗
613 674 1645 735 fel, Siegellac) u. d. g. das nehmliche Feuer von
613 729 1646 789 ſich geben, wenn man ſie entweder mjt der Hand, oder
611 778 1224 834 mit einem ledernen Kuͤſſen reibt.
694 839 1646 903 Daher machte man Maſchienen in welche ma il
612 895 1650 958 geln von Glas, oder Schwefel ) einſezte, und durch
611 947 1646 1014 ein Rad herum trieb; an die Kugel aber ein Kuͤſſen
612 1007 1644 1064 anhielt. Um aber das Feuer, welches man durch das
610 1060 1643 1122 Reiben dieſer Glas und Schwefelkugeln erhielt, zu
609 1112 1644 1173 ſammeln, machte man folgende Einrichtung. Man
608 1168 1643 1227 bemerkte daß diefes Fener von einer geriebenen Glas.
608 1223 1642 1287 kugel, gerne auf alle Arten von Metallen loß gehet
608 1279 1641 1339 und daran fort lauft. Daß aber das Glas, Pech,
607 1336 1642 1396 Sigellae, alle Arten von Harzen, und die Seide,
607 1392 1643 1454 dieſes Feuer nicht weiter laufen laſſen. ) Daher ſtell⸗
608 1442 1643 1504 te man eine blecherne Roͤhre entweder auf einen Fuß
610 1498 1642 1559 von Glas oder Pech; oder hieng ſſe an ſeidenen Schnu.
608 1553 1641 1617 ren auf, und richtete ſie gegen eine Glaskugel, die in
607 1610 1643 1676 der erſt bemelden Maſchiene, die man Electriſirmaſchie⸗
1605 1696 1645 1723 ne
606 1749 1642 1809 ) Gilbert ein Engellaͤnder im 16. Jahrhundert, zeigte dieſes
668 1806 1323 1856 zu erſt in ſeinem Tractat vom Magnat.
605 1855 1643 1910 ) Otto von Guerike ein Burgermeiſter in Magdeburg im
665 1906 1643 1962 vorigen Jahrhundert, erfand die Kugeln von Schwefel
666 1953 1077 1998 zu elettriſchen Gebrauch.
604 2003 1642 2065 ) Man nennet daher die Metalle, das Waſſer den thieri.
666 2050 1642 2115 den oroer u. d. g lened oip.
668 2100 1641 2163 s se e engs. Htaegen ola ,
663 2145 1637 2214 eu eeei un aisi i i
658 2193 1487 2258 nicht leitende BKoͤrper des elctriſchen Fuerr
