2776 3302
281 205 574 252 — —— —
960 197 1716 260 —p— —— —
2307 207 2385 247 .———
233 318 943 363 gung ein Wort zu verlieren; habe
233 353 943 399 den gewohnlichen buchhändleriſchen
233 390 943 434 nicht durchgemacht, ſo berechtigt m
233 425 944 468 meine fruhere Stellung als Suv ⸗S
232 459 944 504 Anclamer Gymnaſium und das dadurch
232 494 944 539 Srudtum ohne Anmaßung zu dem Glar
232 528 944 574 ich einer Buchhandlung vorſtehen kon
232 563 944 608 mich überdies der fortwaͤhrend geſteige
232 599 944 644 denrreis, wie die von vielen Seiten aus
231 635 944 678 ufriedenheit veſtaͤrren. Leider mußte
231 669 943 714 fruhere Stellung in Anclam aufgeb
231 703 943 749 ene Krankheit mich damals piotzlich d
231 740 943 784 ebrauchs meiner Sprache berauvre, i
232 775 943 820 als Lehrer nicht fungiren konnte.
232 804 943 858 . Seit jener Zeit (184), wo ich di
231 846 767 889 irma J. D. Rauert h
250 876 942 924 mich beſtrebt, auch die aͤußere E
231 908 942 960 uch handels mir anzueignen, und z
231 950 942 996 Asher gleich vor, nur mit einem ſehr
231 981 942 1032 heile des Buchhandels in directen V
232 1018 942 1067 zreten, vielmehr mein Commiſntonar
231 1052 941 1103 Ferna u in Leipzig mein ager, wie
231 1089 941 1137 cariſchen Bedürfniſſe meines Kreiſesc
231 1122 941 1172 10 hat nie und wird in dieſen Beziehu
231 1163 941 1206 mals die noͤthige Garantie fehlen. J
231 1194 940 1237 nis geborner Sorauer, gründlich meint
232 1234 957 1276 zabe mir ſogar vor wenigen Monaten
232 1265 957 1312 Waus gekauft, in welches ich in nachf
233 1298 957 1347 veLn eſchäftslocal verlegen werde, wie
231 1333 940 1382 rurzlich bei Verſteigerung der Wit
231 1372 940 1420 Hen veihbibliothek Seitens des hieſi
231 1407 940 1453 „ahts zur Taxirung derſelben beauftra
230 1438 940 1491 uno ſolche ſchließlich ſelbſt erſtand.
230 1475 939 1526 —. Nach all' Dieſem glaube ich, name
230 1511 786 1560 a.rnem neuen, in guͤnſtigſt
249 1544 939 1596 zacale bei fortgeſetzter Thaͤtigkeit ri
230 1579 939 1631 8er wenter zu kommen, und die bi
229 1611 939 1667 Slotoitat meiner Firma zu bewahr
229 1646 938 1704 —.— „Hiederholt birte ich bei dieſer Gel
229 1681 885 1737 b zeigen (mit Firma 800), Pi
248 1722 938 1771 Maprionsliſten, Probenummern von J
229 1752 938 1806 dar ich einen ſehr ausgebreiteten Jout
229 1786 938 1840 jahrt) zugehen zu laſſen, und zeichne
230 1821 937 1880 hochachtungsvoll
230 1856 849 1915 adal
443 1908 780 1959 —
563 1947 910 1994 D
248 2005 939 2049 ——————————— — — — — —...————
228 2030 933 2074 16915½¹ CAνν Ign W
233 2111 902 2162 tene Anferat des Herrn Raedſch
248 2166 938 2211 miaßt mich — nicht zu einer Entget
229 2185 939 2245 adioern zu thatſachuchen Berichtigun
228 2227 938 2280 dunkte. Eine Polemer uegt
227 2259 938 2314 „eaner Abſicht, dazu iſt meine err zu
227 2298 1681 2349 —no der Gegenſtand zu unwichtig. tionen zu übersenden und Sie um er
227 2333 938 2389 4.—½ abe ich die Kunden des Wi
227 2366 771 2420 eſwhaftes nicht im
255 2403 938 2455 sssoſchüdernommen, ſondern dur
227 2430 938 2490 uwaltung herangezogen, was Herrr
227 2469 938 2526 „nſogur freiſtand wie mir. Hierbe
227 2503 937 2563 .— Irogen Ueverzeugung geworden,
227 2540 937 2596 Ar. Ateuigenrere Theil der Einwohnerſe
227 2573 937 2633 2.— AIreẽuoig ausſprach, daß endlich
227 2607 937 2668 „s Duchanolung nach Sorau ké
227 2641 937 2703 verτ Herrn vtaedſch's Ctabliſſe
226 2678 937 2738 vulrinen, rann ꝛc nicht ſagen.
227 2714 936 2779 bar ade ic auerdings nicht die
227 2746 686 2806 W errn Miaco1
254 2789 936 2844 Sana geychaftui zu rennen worin ick
227 2809 936 2879 Hfaiſaa mit wohr oen meiſten Herr
227 2851 935 2915 „ehern tyeilen weroe — tann deshalb
975 323 1681 365 gleich] ich jedoch nicht widerrufen, ſonder.
1003 357 1688 401 reurs nur nochmals beſtaͤtigen.
975 388 1688 440 wohl Dies mein leider provocirtes —
975 427 1388 471 or am und letztes Wort.
1003 458 1686 510 ingte A.
976 498 1291 541 n, daß ———
1431 524 1663 570 Aausaabe einer
975 610 1686 655 ruccre. nn RaulHedνα Mand⸗
974 645 1623 686 vetrt .
978 689 1679 749 Wilh. von aulbach's Wandgemälde
973 739 1686 795 im Treppenhauſe des Neuen Muſeums zu
1238 782 1440 829 Berlin
973 820 1688 870 beſchaͤftigt, kann ich nicht unterlaſſen, denjeni⸗
972 862 1689 906 gen Handlungen meinen beſonderen Dank aus⸗
972 895 1690 941 zuſprechen, deren erfolgreiche Thaͤtigkeit ſich
973 932 1691 977 dieſem großartigen Unternehmen in beſonders
973 967 1692 1011 anerkennungswerther Weiſe zuwandte. Wobei
973 1003 1693 1046 ich namentlich auch Handlungen von kleinerem
972 1038 1694 1083 Wirkungskreiſe im Sinne habe, denen es nichts
972 1074 1695 1118 deſto weniger gelang, Exemplare des genann⸗
972 1109 1696 1152 ten Prachtwerkes abzuſetzen. Außer dieſen ſei
972 1143 1686 1184 erlaubt namentlich zu erwaͤhnen die Herren:
972 1178 1639 1218 Baedeker in Jſerlohn mit 8 Exempl.,
972 1212 1699 1260 Perthes⸗Beſſer & Mauke in Hamburg
1032 1247 1331 1287 mit 5 Exempl.,
971 1274 1700 1324 Gebruͤder Rocca in Berlin mit 13 Exempl.,
971 1314 1676 1358 Sachſe & Co. in Berlin mit 5 Exempl.,
971 1343 1702 1394 Samſon Wallin in Stockholm mit
1033 1386 1258 1427 5 Exempl.,
971 1412 1674 1462 Schmidt in New⸗ork mit 13 Exempl.,
970 1450 1702 1498 Schneider & Co. in Berlin mit 7 Expl.,
970 1489 1582 1534 Weber in Danzig mit 7 Exempl.,
970 1496 1702 1570 und andere Handlungen zu erſuchen, im beider⸗
970 1559 1702 1606 ſeitigen Jntereſſe aͤhnliche Reſultate zu erzie⸗
970 1594 1702 1643 len. Die ſchoͤne Continuation entſchaͤdigt reich⸗
971 1700 1702 1747 deren Hilfsmitteln ſtehe ich jederzeit zu Dien⸗
970 1632 1655 1679 lich fuͤr eine außergewoͤhnliche Bemuͤhung.
996 1668 1702 1712 Mit den neuen Liſten, Proſpecten und an⸗
993 1753 1065 1782 *1
1003 1770 1506 1824 Sé —— —
1248 1801 1648 1849 71.. 72 Dersandte iah die-
975 1888 1703 1938 mals ur gefüũlligen eachitung empfehn
971 1929 1684 1971 deruͤhrt, Loini ν xr.
970 1962 1644 2002 rau.
1281 2015 1646 2055 ah Sie bereits davon in
998 2059 1682 2104 gesetzt, dass mir die Herren IMaime
971 2092 1682 2136 nthal⸗ de Riberolles in Paris den aussohlie
969 2127 1682 2176 r ver⸗ Debit ihrer bekannten Publications il
970 2163 1682 2206 ing — für Deutschland, die Schweiz, Di
970 2199 1682 2241 n eini⸗ Schweden und Norwegen übertrage
969 2233 1682 2280 icht in  Darauf Bezug nehmend, erlaube ich
970 2271 1681 2311 meſſen Inen beiliegend den Karalog dieser
970 2340 1683 2385 ſtruck'⸗ Verwendung für dieselben zu ersucn
969 2375 1684 2422 errn genannten Ausgaben tranzösischer
968 2409 1685 2456 eigeneſ und Unterhaltungsschrutstelier sind
968 2444 1686 2489 taedſch so dekannt, dass ichn mich einer nähe
968 2479 1688 2523 bin ich einandersetzung ihrer Vorzuge, die na
968 2514 1690 2561 ß ſich in gefälliger typograpnscher und i
967 2549 1691 2594 ft dar⸗ scher Ausstattung bestehen, überhol
966 2583 1693 2632 einmal trachten darf. Ich macnhe Sie nur dar
966 2620 1694 2664 ez für merksam, wie sehr sich bei der bes
966 2655 1696 2699 nt ge⸗I ohlfeiſheit dieser Fudlicationen ih:
966 2690 1696 2735 jetzt bedeutender Absatz noch steiger
966 2724 1696 2770 ſre ge⸗ wenn Sie die geeigneten Maassnahr
965 2761 1696 2809 r ſeine] ihrer Bekanntmachung in vweitern Kreis
965 2796 1695 2841 leiches fen, und zu diesem Zvwecke namentlicl
965 2831 1695 2879 Ver⸗ eine gute Auswvahl davon auf Ihrem
965 2867 1695 2916 luch in lhalten. Die besonders gunstigen Bec
1691 2831 2037 2875 Lager
1719 324 2432 367 giermit leinern Sortimentshandlungen, dies
1718 358 2433 399 nicht Vorräͤthe französischer Literatu
1718 392 2433 437 erſtes ger zu nehmen pflegen, möglich. vor
1719 427 2433 461 ben stets wenistens Einies vorri
1700 464 2431 504 ath. halten. Dass dies namentlich and
1718 498 2433 543 — Städten, wo einiger Fremdenverkceh
1700 526 2434 575 en Lilſte ihrem eigenen Interesse immer thun
1717 567 2434 613 2bedart kaum einer besondern Ervwäh
1717 602 2433 649 Die Bezugsbedinenneen sind fo!
1717 637 2417 684 luror 1 Ich liefere die in dem bei
1741 676 2434 726 s zu Kataloge verzeichneten,, Pub
1773 715 2434 760 ö illustrées“ im Einzelnen mit
1813 750 2434 795 Rabatt von den beigesetzten
1810 783 2434 830 2 Bei Abnahme einer Partie
1808 815 2434 866 destens 25 ⸗5 netto auf ein
1808 850 2434 898 v4hre ich dagegen volle 4
1809 891 2434 936 i führe auch Nachbestellungen
1807 925 2434 971 * chen andlungen, die einmal
1810 962 2434 1006 sen Betrag bezogen haben,
1811 998 2434 1042 4 selben günstigen Bedingung
1808 1034 2434 1078 i 2) Die Expedition geschieht
1809 1070 2434 1117 nur geen baar, doch tau
1767 1109 2434 1156 Nichtabgesetztes, sofern mir
1810 1146 2434 1190 61 chen innerhalb eines ahres
1811 1181 2433 1225 gesant wvird, gegen andere
1806 1216 2433 1256 es Katalogs ohne Verlust ai
1806 1250 2433 1293 aus. Dergleichen Umtauschg
1809 1284 2433 1327 — mussen jedoch immer auf einr
1806 1318 2433 1361 schehen, Differenzgutschrit
1807 1352 2432 1396 Rechnung können dabei nic
1806 1386 2432 1430 Iinden.
1807 1421 2432 1468 Als ein vwirksames Vertriebsmittel
1807 1457 1994 1497 ich Ihnen
1745 1486 2432 1536 rzie⸗ davon eine leinere Anzahl Kratis
1717 1523 2432 1573 reich⸗ Verfügung, und berechne grössere Pe
1717 1564 2431 1609 g.ausserordentlich mässigen Preisen, ne
1717 1600 2431 1645 nd an⸗ 25 Exemplare für — 5 5 N,
1717 1637 2422 1680 Dien⸗ 50 — * „ 10
1793 1673 2361 1722 100 „ »„ „ „
1792 1709 1921 1741 1
1914 1759 2133 1792 —.— *
1776 1776 2342 1827 — *uνr vνriungen druckele
1775 1813 2316 1856 c%ùIhre nirina gegen biluige Ver
1928 1839 2017 1855 — —— ———
1745 1842 2428 1893 H5- Icn mache Sie übrigens noch Ub
1703 1877 2382 1926 darauf aufmerksam, dass der Ka
1698 1922 1726 1965 1
1744 1911 2432 1960 nur die gewvöhnlichen Romans illust
1698 1949 2432 1994 185. hält. sondern auch eine grosse Anza
1697 1986 2432 2031 Börsen- ärer werthvoller und sehr verkä ãuflick
1697 2021 2432 2067 mntniss strirter Publicationen, deren Vertrieb
1696 2056 2432 2098 ade & den günstigen Bezugsbedingungen für
1696 2091 2431 2134 slichen sonders lohnend machen muss. Ich
1696 2124 2432 2172 ustrées Ihnen von solchen nur: Musée de C
1696 2160 2432 2204 aemark, modernes, Encyclopédie d'Histoir
1696 2197 2432 2240 haben. relle, Petiis Albums pour rire, E
1695 2231 2432 2276 ur nun. pédie musicale, Panorama music
1695 2267 2431 2315 ublica- s kann Ihnen somit in keiner Weise
1695 2303 2431 2350 rgische fallen, zunächst für mindestens 25
1695 2339 2431 2382 n. Die vwählen und sich dadurch der vortheilh
1695 2372 2431 2417 lassikcer Bedingungen auch für später Zu ve
1695 2409 2431 2453 überall] Zu grössern Bestellungen können
1694 2440 2430 2492 n Aus- atalog selbst vervwenden, den ich 2
1694 2478 2428 2526 nentlich] Zwecke passend eingerichtet habe.
1694 2514 2428 2562 nstleri- Fur Verleger veise ich noch 5
1694 2550 2293 2597 en be⸗= darauf in, dass ich Clichẽ
1741 2575 2425 2630 auf- den Werten befindlicher Illustrationen
1698 2613 2424 2665 ndern sigen reisen liefern kcann.
1700 2647 2423 2701 schon Ich sehe Ihren gefälligen zahlreick
1702 2691 2170 2738 lässt, trägen entgegen und
1738 2711 2421 2775 au] ser Gelegenheit aufs Neue meine
1707 2751 2419 2811 n tref- Iung zur Beschaffung Ihres ausländis-
1708 2788 2419 2839 immer teraturbedarfs.
1896 2822 2419 2862 F. A. Broclha
1959 1731 1983 1784 0
1707 2874 1984 2912 ingun-
1944 2890 2342 2933 — — —
