2771 3301
410 192 484 225 994

1093 184 1298 232 Börsenblatt
1318 184 1368 229 für
1388 185 1445 220 den
1464 182 1617 230 deutschen
1636 180 1848 230 Buchhandel.

2298 179 2347 218 69,
2363 179 2410 208 30.
2428 172 2509 210 Mai.

351 319 383 344 zu
401 308 509 341 können,
523 310 573 333 und
585 309 681 338 richten
695 305 773 337 daher
788 312 819 328 an
837 306 924 337 unsere
944 304 1064 337 geehrten

350 347 452 377 Herren
468 343 587 376 Collegcn
604 344 642 368 die
659 342 778 373 ergebene
790 339 883 373 Bitte,
900 341 966 366 alle
986 338 1063 371 ohne

352 382 492 406 weitere
511 379 663 410 Aussicht
683 376 741 405 auf
756 375 862 407 Absatz
883 376 1063 409 lagernden

352 414 501 446 Erempl.
521 418 582 439 uns
601 410 786 443 baldzeitig
811 409 1007 437 remittiren
1028 417 1064 442 zu

357 452 489 476 wollen.

425 486 480 511 Aus
493 485 582 515 diesem
596 481 705 505 Grunde
721 479 803 505 bitten
821 481 870 506 wir
886 482 945 510 noch
965 479 1063 510 schließ­

355 521 400 550 lich
422 528 462 546 um
488 518 619 550 Nachsicht
646 516 684 540 bei
703 515 887 549 Verzögerung
913 517 956 540 der
981 514 1063 545 Expe­

357 556 438 582 dition
460 557 502 581 der
528 557 577 578 uns
606 551 663 580 noch
685 552 849 582 gewordenen
871 549 1063 582 Bestellungen.

643 585 782 617 Ergebenst

426 623 531 651 Berlin.

509 653 749 690 Hasselberg'sche
767 653 1031 688 Verlagshandlung.

356 777 758 840 Gehilfenftellen,
804 777 1050 840 Lehrlings

514 838 666 894 stellen
695 852 742 887 u.
774 842 808 895 s.
842 845 901 887 w.

360 943 460 976 s6S03.s
577 943 695 984 Offene
720 941 840 975 Stelle.

427 988 474 1017 Ich
501 985 612 1018 wünsche
639 987 709 1011 einen
734 984 916 1011 Sortimenter
943 985 982 1007 als
1011 982 1062 1007 Ge­

358 1022 438 1053 hilfen
453 1031 482 1055 zu
502 1023 648 1056 engagiren,
669 1022 712 1046 der
732 1019 897 1051 linguistische
912 1017 1063 1047 Kenntnisse

360 1058 439 1090 besitzt
458 1059 508 1084 und
540 1059 579 1082 ein
608 1055 735 1087 tüchtiger
754 1052 920 1085 Bibliognost
940 1053 979 1082 ist.
1016 1051 1063 1079 Ich

361 1096 442 1120 werde
464 1092 570 1120 deshalb
597 1099 655 1117 nur
675 1091 720 1120 auf
741 1090 811 1114 einen
832 1088 919 1114 Mann
938 1094 985 1112 von
1005 1087 1064 1111 rei­

355 1130 449 1159 feren
467 1128 568 1159 Jahren
585 1128 633 1151 und
653 1134 692 1150 am
707 1125 810 1155 liebsten
827 1125 872 1155 auf
886 1123 956 1150 einen
971 1122 1064 1153 solchen

355 1162 520 1194 reflectiren,
547 1163 588 1188 der
615 1161 672 1192 auch
693 1161 760 1194 schon
779 1162 812 1186 im
833 1157 1064 1192 Antiquar-Buch-
1081 1152 1082 1177 ^

356 1200 452 1231 Handel
475 1198 616 1231 gearbeitet
636 1198 688 1227 hat.

429 1236 477 1265 Ich
491 1236 611 1269 verlange
633 1233 810 1260 ausdauernde
833 1233 882 1258 und
902 1230 1062 1261 intelligente

360 1267 527 1306 Thätigkeit,
568 1268 738 1300 bescheidenes
772 1269 820 1293 und
852 1264 1063 1298 rücksichtsvolles
1080 1282 1081 1294 ^

360 1305 510 1340 Benehmen
537 1308 570 1332 im
596 1303 725 1337 Verkehre
757 1304 804 1328 mit
838 1305 881 1329 der
906 1301 1064 1332 Kundschaft

356 1344 407 1370 und
427 1359 459 1360 —
480 1340 702 1376 Ordnungsliebe.

427 1379 490 1404 Wer
507 1384 556 1403 von
577 1379 663 1402 derart
678 1375 852 1407 qualificirten
869 1373 1063 1399 Concurrenten

355 1417 393 1441 die
420 1414 533 1445 specielle
555 1412 641 1441 österr.
663 1408 877 1444 Bibliographie,
903 1409 948 1432 den
975 1407 1061 1436 österr.

355 1452 414 1477 oder
441 1458 488 1481 gar
512 1449 559 1474 den
579 1449 684 1473 Wiener
702 1444 871 1478 Buchhandel
896 1443 991 1469 kennen
1019 1449 1061 1473 ge­

354 1487 424 1511 lernt
441 1484 496 1516 hat,
517 1485 602 1509 würde
622 1484 671 1508 mir
693 1488 738 1508 vor
755 1480 871 1507 Anderen
894 1478 1062 1504 willkommen

354 1522 414 1550 sein.

426 1550 600 1583 Ausdrücklich
617 1553 674 1580 muß
690 1550 723 1579 ich
745 1549 873 1575 bemerken
887 1571 891 1578 ,
911 1548 957 1578 daß
975 1551 1000 1572 es
1014 1547 1061 1571 mir

357 1583 589 1619 wünschenswert-
605 1586 641 1614 ist,
661 1587 698 1610 die
714 1586 794 1615 offene
813 1583 900 1609 Stelle
918 1583 1061 1607 dauernd

354 1629 386 1653 zu
410 1620 523 1652 besetzen.

427 1656 475 1684 Ich
491 1654 565 1685 bitte,
586 1653 628 1684 sich
643 1651 723 1679 direct
741 1658 772 1676 an
792 1650 852 1680 mich
870 1658 899 1683 zu
914 1649 1060 1681 adressiren.

427 1691 512 1723 Wien,
529 1689 613 1715 Mitte
633 1688 694 1713 Mai
716 1686 790 1710 1856.

643 1722 683 1756 I.
703 1721 746 1751 B.
768 1717 1026 1752 WalliShausser.

355 1814 456 1849 sv904.)
583 1810 702 1853 Offene
725 1808 846 1845 Stelle.

425 1859 491 1894 Für
518 1859 586 1885 eine
614 1854 882 1891 Leihbibliothek
907 1854 932 1880 in
958 1856 1061 1885 Ungarn

360 1899 423 1923 wird
439 1904 484 1930 zur
497 1892 701 1929 selbstständigen
720 1892 829 1924 Leitung
847 1891 885 1917 ein
900 1889 1005 1922 Gehilfe
1021 1896 1061 1920 ge­

356 1933 437 1964 sucht,
464 1934 506 1958 der
533 1931 582 1957 mit
600 1928 770 1961 Kenntnissen
795 1929 839 1953 der
858 1925 1060 1957 belletristischen

356 1967 486 1994 Literatur
505 1966 676 2000 ausgestattet
696 1964 724 1994 ist
749 1964 798 1989 und
826 1964 873 1988 mit
894 1962 947 1987 dem
968 1960 1060 1990 Publi­

356 2010 410 2028 cum
443 2011 471 2035 zu
505 2001 640 2034 verkehren
672 1998 791 2033 versteht.
844 1996 910 2024 Eine
943 1995 1060 2027 2jährige

356 2035 553 2074 Verpflichtung
569 2037 598 2068 ist
617 2033 784 2070 Bedingung,
805 2034 891 2065 ebenso
913 2030 1061 2063 womöglich

357 2073 492 2107 sofortiger
513 2073 638 2099 Eintritt.
680 2069 765 2097 Salär
790 2070 842 2094 540
863 2071 890 2100 fl.
910 2065 1016 2098 jährlich
1037 2074 1062 2092 u.

359 2107 396 2132 ein
419 2108 621 2141 entsprechendes
642 2102 935 2141 Weihnachtsgeschenk.
974 2102 1062 2134 Offer­

357 2143 400 2166 ten
429 2139 583 2172 übernimmt
615 2144 683 2174 Herr
720 2141 762 2169 G.
795 2140 836 2167 E.
873 2137 1004 2173 Schulze
1036 2138 1061 2163 in

356 2176 464 2209 Leipzig.

361 2260 461 2293 sOOOö.j
599 2266 698 2303 Offene
716 2262 813 2294 Stelle.

430 2304 488 2329 Wir
505 2304 588 2334 suchen
608 2314 662 2337 zum
683 2307 838 2341 baldigen
854 2304 970 2331 Eintritt
992 2304 1062 2330 einen

358 2337 558 2374 gewandten
579 2339 708 2373 Gehilfen,
725 2342 767 2367 der
788 2341 922 2374 besonders
943 2341 976 2365 im
992 2340 1061 2365 Sor­

357 2377 452 2402 timent
478 2371 594 2405 erfahren
615 2375 643 2404 ist
672 2378 720 2402 und
742 2375 960 2411 französisch,
988 2382 1061 2401 wenn

358 2409 465 2444 möglich
486 2408 544 2435 auch
561 2410 642 2434 etwas
663 2411 767 2442 englisch
788 2413 889 2443 spricht.

426 2444 549 2478 Offerten
568 2443 675 2468 erbitten
696 2446 744 2472 wir
758 2452 806 2473 uns
827 2447 907 2474 direct
927 2454 971 2478 zur
991 2445 1059 2478 Post.

426 2477 592 2514 Düsseldorf,
612 2478 656 2501 den
678 2479 717 2502 18.
737 2480 798 2507 Mai
820 2483 894 2508 1856.

604 2507 788 2558 -schaub^sche
810 2514 1026 2550 Buchhandlung.

734 2546 891 2586 Schöpping.

354 2650 456 2686 svooö.j
584 2637 704 2681 Offene
722 2632 841 2672 Stelle.

425 2702 477 2728 Ein
504 2694 625 2729 Gehilfe,
654 2686 758 2718 welcher
778 2685 918 2721 Fertigkeit
943 2691 976 2715 im
998 2693 1059 2718 Cla-

355 2739 505 2771 vierspielen
539 2730 632 2764 besitzt,
665 2725 703 2751 die
730 2719 912 2753 Buchhalterei
943 2726 1059 2759 versteht,

354 2777 397 2801 des
437 2767 628 2807 Französischen
667 2757 856 2795 einigermaßen
889 2756 996 2792 mächtig
1033 2764 1061 2792 ist

353 2813 405 2836 und
425 2811 469 2842 sich
491 2807 564 2838 durch
584 2804 664 2837 gute
677 2794 811 2829 Zeugnisse
825 2792 968 2823 ausweisen
987 2798 1061 2828 kann,

354 2847 433 2875 findet
467 2848 543 2872 unter
577 2834 755 2875 günstigen
789 2827 978 2861 Bedingungen
1011 2831 1062 2856 eine

354 2880 442 2907 Stelle
463 2883 488 2907 in
510 2881 578 2906 einer
598 2865 900 2906 Musikalienhandlung.
939 2863 1062 2890 Meldun­

354 2923 401 2946 gen
422 2916 513 2944 nimmt
533 2916 602 2947 Herr
623 2910 664 2938 G.
682 2903 818 2936 Brauns
840 2901 865 2927 in
887 2898 987 2930 Leipzig
1010 2901 1061 2924 ent­

350 2957 442 2982 gegen.

1103 305 1205 337 s6907.s
1338 300 1458 343 Offene
1481 301 1603 335 Stelle.

1172 346 1226 379 Für
1253 345 1334 373 meine
1361 351 1408 371 neu
1431 345 1550 371 etablirte
1567 345 1667 376 Kunst-,
1687 343 1812 368 Landkar­

1101 386 1157 407 ten-
1177 384 1227 408 und
1248 378 1480 417 Papierhandlung
1501 382 1568 410 suche
1590 381 1624 410 ich
1646 381 1692 409 auf
1708 378 1811 410 sogleich

1100 419 1159 442 oder
1186 419 1208 442 1.
1234 417 1296 446 Juli
1322 415 1393 442 einen
1420 415 1558 449 Gehilfen,
1591 417 1633 441 der
1658 415 1706 440 mit
1731 414 1811 442 diesen

1098 452 1237 482 Branchen
1257 450 1364 478 bekannt
1384 450 1420 479 ist.
1443 451 1489 479 Ich
1508 451 1636 482 reflectire
1659 449 1743 481 jedoch
1763 456 1810 473 nur

1102 490 1147 517 auf
1158 489 1276 514 coulante
1288 483 1432 518 Verkäufer
1443 486 1489 512 mit
1500 484 1683 518 angenehmem
1695 485 1812 511 Aeußern

1101 525 1150 548 und
1171 530 1256 555 regem
1276 520 1408 555 Interesse
1428 519 1484 551 fürs
1500 521 1634 552 Geschäft;
1655 521 1704 546 und
1723 518 1812 544 würde

1101 559 1177 583 denen
1205 560 1251 584 den
1270 556 1376 590 Vorzug
1404 555 1494 588 geben,
1522 557 1560 582 die
1581 558 1624 581 der
1650 557 1732 588 franz.
1761 555 1810 580 und

1103 595 1168 625 engl.
1191 592 1308 624 Sprache
1333 594 1416 617 etwas
1434 589 1539 624 mächtig
1559 591 1619 622 sind.

1171 626 1335 660 Freundliche
1359 623 1533 660 Behandlung
1564 628 1613 651 und
1642 624 1811 656 entsprechen­

1102 664 1146 688 des
1167 662 1255 689 «alär
1273 661 1361 694 sichere
1380 661 1414 690 ich
1435 669 1475 693 zu.

1170 697 1328 729 Hannover,
1349 699 1371 721 d.
1395 697 1435 720 20.
1458 696 1518 722 Mai
1539 696 1616 720 1856.

1425 729 1534 762 Hcrm.
1556 728 1776 762 Oppermann.

1104 809 1203 842 s6S08.j
1259 808 1378 850 Offene
1395 805 1662 849 Lehrlingsstelle.

1173 852 1229 886 Für
1249 853 1331 878 meine
1351 850 1571 884 Buchhandlung,
1596 850 1742 876 verbunden
1764 849 1813 873 mit

1101 884 1466 923 deutsch-französisch-engl.
1487 884 1719 917 Lese-Anstalten,
1743 884 1811 913 suche

1099 925 1132 954 ich
1154 925 1199 955 auf
1212 922 1352 953 Michaelis
1374 922 1395 947 d.
1410 923 1440 951 I.
1462 922 1531 948 einen
1551 920 1647 953 jungen
1663 920 1750 945 Mann
1771 921 1811 944 als

1101 959 1229 992 Lehrling.

1170 993 1320 1024 Hannover.
1474 989 1572 1020 Ernst
1592 987 1694 1021 Kniep
1711 989 1771 1020 jun.

1102 1062 1207 1103 s6909.^
1261 1056 1640 1096 Gehilfenstelle-Gesuch.

1170 1099 1222 1125 Ein
1242 1097 1335 1131 junger
1352 1097 1439 1124 Mann
1460 1098 1501 1123 der
1521 1098 1585 1127 seine
1604 1095 1679 1128 Lehre
1695 1095 1720 1119 in
1742 1094 1809 1119 einer

1100 1137 1142 1160 der
1154 1133 1373 1166 renommirtesten
1386 1133 1623 1167 Buchhandlungen
1636 1129 1809 1162 Süddeutsch­

1099 1171 1174 1197 lands
1195 1169 1337 1202 bestanden,
1352 1170 1419 1195 dann
1436 1171 1447 1193 1
1460 1169 1529 1201 Jahr
1541 1169 1566 1194 in
1577 1168 1657 1194 einem
1666 1164 1808 1197 Geschäfte,

1099 1207 1244 1233 verbunden
1265 1206 1312 1231 mit
1332 1201 1532 1239 Leihbibliothek
1559 1206 1609 1230 und
1631 1202 1809 1233 Journallese-

1098 1244 1196 1274 Zirkel,
1223 1240 1425 1275 conditionirte,
1450 1240 1502 1266 eine
1523 1242 1583 1272 gute
1603 1238 1680 1271 Hand
1706 1235 1811 1268 schreibt

1100 1280 1149 1304 und
1172 1286 1219 1303 von
1245 1277 1329 1308 seinen
1355 1273 1500 1309 bisherigen
1522 1274 1691 1306 Principalen
1713 1272 1809 1301 bestens

1102 1314 1246 1346 empfohlen
1264 1312 1342 1343 wird,
1362 1312 1431 1344 sucht
1450 1319 1479 1343 zu
1498 1312 1578 1342 seiner
1598 1309 1720 1336 weiteren
1741 1309 1809 1333 Aus­

1100 1351 1205 1381 bildung
1235 1351 1311 1375 unter
1332 1346 1502 1378 bescheidenen
1525 1344 1686 1377 Ansprüchen
1707 1344 1809 1376 sogleich

1099 1387 1157 1411 oder
1178 1385 1238 1415 auch
1259 1384 1299 1409 bis
1321 1385 1342 1407 1.
1361 1383 1423 1412 Juli
1443 1383 1495 1408 eine
1518 1382 1616 1407 Stelle.

1167 1420 1237 1451 Herr
1256 1418 1296 1445 E.
1313 1417 1372 1445 W.
1390 1418 1434 1445 B.
1452 1415 1640 1451 Naumburg
1660 1415 1686 1441 in
1707 1414 1807 1446 Leipzig

1100 1457 1163 1481 wird
1184 1457 1222 1480 die
1243 1453 1315 1480 Güte
1334 1454 1425 1486 haben,
1446 1452 1565 1487 gefällige
1578 1452 1701 1484 Offerten
1720 1450 1811 1474 weiter

1102 1500 1131 1524 zu
1152 1493 1282 1523 besorgen.

1179 1599 1463 1657 Vermischte
1496 1595 1747 1657 Anzeigen.

1101 1703 1202 1735 s6910.j
1249 1700 1367 1735 Julius
1391 1701 1517 1736 Osbcrg
1549 1700 1576 1727 L5
1606 1698 1679 1732 Co.,
1706 1697 1809 1729 Kunst-,

1100 1740 1233 1770 Schreib-,
1252 1738 1365 1770 Zeichen-
1382 1747 1406 1765 u.
1423 1734 1809 1771 Malerrequisiten-Handlung

1098 1776 1123 1801 in
1155 1776 1284 1808 Moskau,
1318 1774 1399 1802 bitten
1437 1775 1507 1806 durch
1537 1774 1623 1804 Herrn
1651 1769 1808 1802 Rudolph

1097 1812 1226 1844 Weigel
1245 1813 1270 1838 in
1291 1811 1391 1844 Leipzig
1413 1819 1455 1837 um
1476 1810 1626 1843 Zusendung
1648 1814 1696 1834 von
1717 1806 1809 1837 Preis-

1098 1850 1221 1873 courants
1254 1849 1303 1873 und
1335 1846 1437 1878 Muster
1472 1847 1533 1873 aller
1570 1846 1596 1871 in
1626 1844 1688 1876 diese
1716 1841 1810 1874 Fächer

1097 1885 1261 1915 schlagenden
1282 1882 1391 1909 Artikel.

1100 1969 1200 2001 s69ii.j
1293 1966 1356 2000 Die
1373 1963 1619 2008 Zahlungsliste

1150 2021 1202 2049 -er
1229 2010 1492 2061 Wilhelmi'schcn
1517 2008 1758 2057 Duchhandlung

1167 2074 1174 2084 >
1251 2070 1280 2097 in
1306 2064 1476 2104 Insterburg
1503 2063 1659 2101 betreffend.

1168 2117 1253 2147 Heute
1275 2116 1373 2148 erhalte
1388 2115 1421 2145 ich
1438 2121 1486 2140 von
1503 2113 1545 2137 der
1559 2115 1705 2144 genannten
1720 2110 1809 2142 Hand­

1099 2154 1161 2185 lung
1197 2154 1236 2177 die
1270 2151 1461 2185 Mittheilung,
1499 2149 1545 2178 daß
1581 2148 1618 2172 die
1652 2145 1809 2179 diesjährige

1098 2188 1289 2219 Ostermcßliste
1316 2187 1341 2211 in
1366 2188 1394 2211 14
1415 2185 1505 2218 Tagen
1532 2184 1558 2208 in
1583 2182 1680 2208 meinen
1701 2180 1809 2212 Händen

1098 2225 1150 2256 sein
1176 2224 1257 2253 wird,
1283 2222 1360 2251 sowie
1386 2222 1421 2253 ich
1447 2220 1572 2251 ebenfalls
1599 2216 1735 2250 bestätige,
1762 2217 1810 2245 daß

1099 2258 1265 2293 vollständige
1290 2258 1406 2291 Deckung
1427 2257 1488 2290 dazu
1512 2254 1606 2280 bereits
1627 2261 1671 2286 zur
1693 2253 1812 2285 Meßzeit

1099 2297 1125 2322 in
1145 2296 1244 2321 meinen
1266 2292 1375 2325 Händen
1397 2299 1459 2319 war.
1498 2291 1557 2316 Nur
1583 2290 1608 2314 in
1636 2290 1689 2314 dem
1716 2295 1809 2314 unvor­

1098 2330 1283 2364 hergesehenen
1306 2327 1397 2361 frühen
1424 2327 1566 2354 Austrcten
1590 2326 1633 2350 des
1661 2322 1808 2356 Geschäfts­

1099 2366 1214 2399 führers,
1239 2366 1280 2398 ehe
1302 2365 1344 2389 der
1365 2371 1425 2390 neue
1446 2361 1613 2397 eingetroffen
1634 2366 1697 2391 war,
1719 2357 1809 2392 mögen

1099 2403 1136 2429 die
1166 2403 1294 2434 Verleger
1325 2400 1362 2424 die
1394 2401 1496 2430 Ursache
1531 2397 1609 2426 dieses
1648 2393 1807 2427 verspäteten

1098 2439 1265 2472 Auszahlens
1284 2438 1327 2462 der
1346 2435 1408 2466 Liste
1424 2434 1520 2467 suchen.

1168 2475 1278 2506 Leipzig,
1299 2473 1321 2496 d.
1338 2472 1379 2496 26.
1397 2472 1458 2496 Mai
1480 2468 1555 2494 1856.

1434 2503 1541 2536 Wilh.
1562 2499 1771 2535 Engelmauu.

1103 2583 1204 2616 s6912.j
1244 2584 1399 2618 Diejenigen
1426 2581 1614 2615 Handlungen,
1649 2577 1738 2609 welche
1767 2579 1807 2603 bis

1099 2627 1154 2652 zum
1182 2620 1206 2642 1-
1225 2620 1295 2647 Juni
1322 2627 1345 2642 a.
1366 2627 1385 2645 c.
1414 2619 1542 2645 entweder
1568 2622 1614 2647 gar
1633 2614 1699 2644 nicht
1716 2615 1808 2645 saldirt

1099 2656 1157 2679 oder
1189 2654 1227 2678 bei
1250 2654 1331 2678 Saldi
1365 2657 1440 2681 unter
1467 2654 1499 2678 20
1515 2655 1535 2683 </»
1564 2652 1634 2676 netto
1657 2649 1808 2682 unverhält-

1099 2688 1230 2721 nißmäßig
1253 2687 1408 2722 übertragen
1427 2688 1522 2721 haben,
1552 2686 1604 2718 sehe
1630 2686 1662 2713 ich
1685 2686 1744 2715 mich
1766 2692 1807 2716 ge-

1098 2724 1217 2756 ndthigt,
1247 2729 1295 2748 von
1314 2724 1408 2751 meiner
1428 2721 1710 2758 Auslieferungs-Liste
1730 2719 1806 2752 gänz­

1098 2760 1142 2789 lich
1158 2766 1186 2790 zu
1203 2757 1329 2787 streichen.
1360 2760 1424 2791 Auch
1444 2760 1508 2791 finde
1528 2759 1561 2788 ich
1584 2757 1642 2787 mich
1658 2755 1805 2787 veranlaßt,

1098 2796 1135 2821 die
1155 2794 1295 2824 Rechnung
1316 2794 1361 2819 mit
1382 2797 1427 2822 den
1446 2795 1549 2828 Firmen
1571 2791 1745 2825 aufznhebcn,
1769 2790 1806 2813 die

1100 2831 1141 2860 sich
1173 2827 1215 2857 für
1246 2828 1343 2853 meinen
1371 2830 1469 2864 Verlag
1499 2837 1528 2862 zu
1560 2829 1711 2855 verwenden
1742 2825 1806 2850 nicht

1099 2865 1237 2894 veranlaßt
1257 2861 1358 2895 fühlten
1384 2868 1433 2892 und
1462 2873 1490 2898 zu
1517 2863 1706 2890 unbedeutende
1727 2859 1808 2885 Saldi

1101 2899 1201 2931 gezahlt
1232 2897 1332 2930 haben;
1365 2900 1476 2934 dagegen
1503 2900 1584 2925 werde
1610 2899 1642 2926 ich
1671 2896 1736 2922 allen
1762 2895 1807 2918 den

1102 2934 1220 2966 geehrten
1249 2932 1350 2966 Firmen
1382 2937 1429 2962 mit
1457 2933 1615 2970 Vergnügen
1642 2932 1702 2960 stets
1728 2930 1808 2955 meine

1851 296 1950 325 älteren
1979 299 2029 324 und
2055 302 2164 322 neueren
2182 292 2413 328 Verlags-Artikel
2440 292 2454 315 ä
2475 288 2552 317 Cond-

1850 333 1949 366 liefern,
1971 333 2009 358 die
2026 332 2074 357 mir
2096 330 2211 361 Beweise
2227 331 2297 362 ihrer
2312 325 2463 362 Thätigkeit
2483 329 2553 358 gege­

1851 367 1896 393 ben
1917 368 2005 400 haben.
2047 366 2159 398 Solchen
2178 364 2352 397 Handlungen
2378 360 2459 396 stehen
2480 360 2553 386 unter

1849 401 2063 433 verbindlichstem
2083 401 2160 428 Dank
2183 398 2225 431 für
2250 399 2304 432 ihre
2327 398 2413 431 gütige
2434 392 2553 425 Verwen­

1850 439 1916 471 dung
1938 446 1998 470 gern
2014 437 2136 468 Inserate
2151 437 2200 461 und
2217 435 2307 461 andere
2326 425 2551 468 buchhändlerische

1850 472 2079 500 Vertriebsmittel
2099 480 2128 504 zu
2150 469 2279 500 Diensten.

1920 508 2023 540 Berlin,
2044 508 2089 535 den
2110 508 2151 532 20.
2172 506 2233 531 Mai
2255 504 2330 530 1856.

2140 539 2247 572 Wilh.
2268 538 2402 570 Bcsser's
2422 533 2519 572 Verlag

2214 576 2309 608 (Franz
2329 571 2464 604 Duncker).

1850 652 1951 686 s69i3.j
2047 648 2349 695 Verlags-Offerte-

1919 708 1976 733 Den
1991 706 2090 737 Herren
2107 700 2437 736 Verlags-Buchhändlern
2457 694 2552 731 offen«

1849 742 1882 773 ich
1912 746 1988 768 unter
2007 740 2062 774 sehr
2078 738 2196 771 mäßigen
2211 739 2399 771 Bedingungen
2415 741 2471 769 zum
2490 730 2552 758 Ver­

1849 779 1920 812 lage:

1849 815 1881 852 l)
1986 816 2056 866 Pie
2089 809 2418 866 Handels-Schule,

2176 870 2234 893 oder

1849 911 1888 938 die
1907 908 1986 945 Lehre
2013 916 2068 936 von
2087 909 2137 935 den
2157 892 2551 943 Gesammt-Wiffenschasten

2099 951 2144 977 des
2162 947 2301 984 Handels.

1933 999 1992 1024 Das
2014 997 2090 1023 Werk
2113 995 2227 1026 enthält:

1900 1033 1919 1058 l.
1935 1034 2080 1067 Lieferung.
2096 1031 2238 1062 Geschichte
2269 1031 2312 1056 des
2345 1025 2478 1063 Handels,
2511 1021 2550 1047 der

2095 1065 2267 1099 Schifffahrt,
2295 1063 2390 1096 Künste
2419 1063 2467 1091 und
2491 1057 2550 1085 Ma­

2094 1103 2217 1134 nufaktur
2242 1107 2290 1128 von
2318 1102 2363 1127 den
2382 1093 2486 1132 ältesten
2513 1089 2548 1118 bis

2092 1140 2137 1168 auf
2157 1139 2195 1163 die
2216 1136 2330 1169 neuesten
2347 1134 2443 1166 Zeiten.

1889 1176 1927 1204 11.

2092 1175 2229 1204 Handels-
2278 1170 2443 1206 Geographie
2504 1159 2550 1189 und

2092 1208 2198 1241 Münz-,
2221 1208 2317 1240 Maaß-
2338 1209 2387 1233 und
2410 1194 2549 1237 Gewichts-

2090 1246 2191 1269 Kunde.

1879 1282 1928 1309 III.

2090 1278 2301 1311 Wechselkunde,
2373 1264 2551 1307 Actienkunde,

2092 1313 2368 1346 Staatspapierkunde
2401 1312 2449 1339 und
2480 1303 2550 1333 deren

2090 1352 2194 1380 Rechte.

1879 1388 1928 1414 IV.

2000 1408 2016 1421 „

2089 1385 2295 1412 Waarenkunde.

1892 1424 1924 1450 V.

1997 1446 2016 1457 "

2089 1421 2279 1452 Gewerbliche,
2298 1410 2504 1455 Ikaufmännische
2526 1415 2548 1434 u-

2092 1456 2283 1489 landwirthsch.
2306 1446 2502 1492 Buchführung.

1881 1496 1928 1521 VI.

2002 1516 2018 1529 "

2093 1491 2310 1525 Correspondenz,
2321 1481 2509 1527 Terminologie
2526 1485 2549 1505 u.

2091 1529 2185 1559 kaufm-
2207 1525 2332 1557 Rechnen.

1869 1567 1929 1593 VII.

2004 1586 2021 1598 //

2095 1561 2350 1594 Comptoirarbeitcn
2383 1561 2431 1587 und
2458 1549 2548 1588 Gesetze

2092 1599 2134 1627 für
2165 1597 2305 1628 Kaufleute
2336 1599 2385 1622 und
2415 1584 2548 1623 Gewerbe­

2091 1632 2228 1659 treibende.

1855 1671 1931 1699 VIII.

2096 1669 2146 1695 Die
2186 1667 2340 1702 wichtigsten
2378 1662 2477 1701 Regeln
2512 1654 2550 1682 der

2090 1705 2219 1735 deutschen
2242 1702 2358 1738 Sprache
2385 1703 2434 1728 und
2458 1688 2550 1731 mehre-

2090 1744 2131 1767 res
2153 1741 2261 1766 Andere.

1913 1773 2071 1816 Acarbcitct
2095 1779 2129 1806 im
2154 1773 2271 1806 Vereine
2289 1775 2337 1805 mit
2354 1767 2490 1813 mehreren

2120 1818 2283 1858 Gelehrten.

2078 1865 2154 1889 Circa
2175 1863 2208 1888 30
2227 1861 2328 1895 Bogen.

1828 1911 1829 1939 j
1847 1903 1879 1941 2)
1908 1902 1965 1933 Die
1989 1903 2110 1941 einfache
2134 1896 2343 1939 Buchführung
2365 1894 2410 1935 für
2431 1884 2527 1932 Hand­

1957 1948 2063 1980 werker,
2083 1945 2158 1980 nebst
2174 1938 2395 1982 Korrespondenz
2414 1945 2445 1967 rc.

2133 1988 2148 2010 5
2169 1984 2269 2016 Bogen.

1916 2022 1976 2046 lM.
1998 2020 2208 2054 Uebersetzungen
2227 2023 2275 2045 aus
2294 2017 2348 2043 dem
2362 1997 2548 2049 Französischen

1848 2064 1926 2093 gegen
1952 2057 2067 2092 mäßiges
2088 2057 2210 2088 Honorar
2235 2049 2391 2081 übernimmt
2410 2032 2548 2081 gleichfalls

1847 2095 1889 2121 der
1909 2093 2124 2127 Unterzeichnete.

1916 2138 2043 2170 Potsdam
2164 2133 2205 2161 S.
2227 2125 2431 2166 Löwinsoh»,

2076 2173 2153 2202 Lehrer
2173 2176 2208 2194 der
2227 2170 2308 2199 kaufm.
2330 2152 2516 2196 Wissenschaften.

1849 2246 1952 2284 s6914.j
2178 2244 2280 2274 Sorau.
2303 2241 2355 2267 10..
2365 2235 2425 2264 Mai
2445 2223 2516 2258 1856.

2014 2287 2038 2314 k>.
2087 2285 2113 2310 ?.

1916 2327 1966 2354 Die
1987 2326 2165 2359 Mittheilung
2190 2325 2233 2348 des
2254 2320 2339 2351 Herrn
2360 2316 2390 2341 A.
2413 2302 2500 2344 Bath
2524 2296 2548 2323 in

1847 2361 1954 2396 Berlin,
1974 2365 2015 2388 der
2034 2363 2059 2387 in
2080 2362 2158 2392 Folge
2180 2361 2222 2383 des
2245 2351 2398 2386 erloschenen
2420 2328 2550 2379 Geschäfts

1846 2397 1927 2430 seines
1953 2397 2157 2423 Committenten
2190 2393 2275 2424 Herrn
2300 2390 2342 2415 W.
2370 2365 2547 2416 Wittstruck

1844 2434 1935 2467 (unter
1961 2432 2133 2462 Uebcrnahme
2167 2431 2210 2454 des
2236 2418 2439 2458 Kundenkreises
2470 2403 2551 2442 dessel­

1846 2467 1928 2500 ben*)
1952 2476 1991 2493 am
2013 2467 2119 2498 hiesigen
2142 2467 2210 2495 Platz
2232 2463 2283 2489 eine
2305 2465 2365 2486 neue
2380 2449 2468 2488 Firma
2483 2437 2549 2477 fixirt

1845 2503 1898 2535 hat,
1922 2501 2022 2534 enthält
2043 2502 2122 2533 einige
2143 2500 2253 2530 Passus,
2280 2496 2317 2522 die
2336 2491 2393 2522 mich
2416 2468 2548 2520 persönlich

1844 2536 1970 2572 berühren
1985 2538 2034 2563 und
2047 2536 2116 2561 einer
2127 2530 2314 2566 Berichtigung
2328 2520 2457 2561 bedürfen.
2476 2507 2549 2542 Denn

1845 2580 1918 2601 wenn
1939 2573 2007 2603 Herr
2028 2570 2122 2601 Bath
2144 2566 2297 2600 behauptet,
2322 2564 2369 2594 daß
2390 2558 2443 2585 dem
2464 2542 2548 2582 Kreise

1846 2609 1938 2637 Sorau
1966 2608 2005 2632 ein
2029 2606 2224 2631 vermittelnder
2244 2594 2426 2628 Sortimenter
2442 2585 2489 2617 mit
2506 2574 2547 2607 nö-

1846 2643 1929 2678 thiger
1959 2639 2175 2673 Befähigung
2204 2640 2253 2664 und
2285 2627 2450 2662 Garantie
2475 2610 2547 2652 fehle,

1845 2684 1867 2712 so
1886 2679 1914 2707 ist
1933 2677 1986 2703 dies
2008 2675 2159 2705 mindestens
2181 2674 2232 2700 eine
2251 2671 2305 2706 sehr
2319 2657 2469 2703 unpassende
2485 2649 2549 2680 Aus­

1845 2712 2015 2747 drucksweise,
2040 2718 2080 2736 um
2096 2702 2118 2738 so
2135 2708 2214 2741 mehr,
2237 2710 2276 2734 als
2292 2705 2360 2738 Herr
2380 2691 2469 2733 Bath
2490 2679 2547 2717 mich

1845 2757 1891 2784 gar
1917 2747 1982 2777 nicht
2008 2745 2144 2777 persönlich
2169 2742 2313 2776 kennt**).
2354 2737 2391 2764 Es
2420 2726 2482 2759 kann
2503 2715 2548 2746 mir

1916 2822 1935 2843 *>
1951 2819 1997 2841 Der
2023 2819 2074 2843 auch
2099 2818 2143 2839 mir
2167 2818 2263 2840 Seiten»
2284 2814 2356 2841 Herrn
2374 2796 2497 2838 Wittstruck
2521 2789 2551 2819 oft

1845 2853 1975 2885 wiederholt
1992 2861 2041 2880 zum
2062 2854 2125 2881 Kauf
2143 2855 2264 2880 angedoten
2286 2854 2341 2873 war.

1951 2889 2012 2915 Mich
2028 2888 2086 2917 aber,
2108 2889 2143 2910 als
2162 2889 2244 2916 einzige
2263 2871 2463 2915 buchhändlerische
2477 2857 2550 2893 ssirma

1844 2924 1901 2958 hier,
1919 2923 1987 2948 damit
2007 2931 2050 2947 nur
2070 2922 2100 2947 im
2120 2924 2180 2952 Auge
2196 2922 2266 2951 haben
2289 2918 2352 2942 kann.
