2776 3302
1219 195 1433 220 .

378 319 436 365 gung
474 320 509 366 ein
540 320 609 366 Wort
635 320 666 367 zu
697 321 835 367 verlierenz
866 322 923 368 habe

375 351 417 397 den
451 351 639 398 gewohnlichen
674 353 919 400 buchhandleriſchen

377 388 433 434 nicht
469 389 673 436 durchgemacht,
705 390 725 436 ſo
757 390 889 437 berechtigt
921 391 945 437 m

375 423 447 469 meine
482 424 578 470 fruhere
612 424 724 471 Stellung
766 425 801 471 als
835 425 904 472 Suo-

385 458 505 505 Anelamer
523 459 693 506 Gymnaſtum
707 460 751 506 und
773 460 816 506 das
838 460 939 507 dadurch

380 492 500 539 Sruoium
520 493 576 539 ohne
608 493 744 540 Anmaßung
764 494 792 540 zu
812 494 864 541 dem
908 495 944 541 lar

374 528 389 574 ic
427 528 493 575 einer
527 529 715 576 Buchhandlung
742 530 872 577 vorſtehen
896 531 934 577 kon

377 563 427 609 micy
454 563 565 610 überdies
592 564 631 610 der
650 564 819 611 fortwaͤhrend
838 565 942 612 geſteige

375 597 492 644 dentreis,
525 598 558 644 wie
576 598 610 644 die
628 598 672 645 von
694 599 771 645 vielen
797 599 881 646 Seiten
899 600 940 646 aus

394 633 563 680 ufriedenheit
582 634 715 681 veſtarren.
762 635 839 681 Leider
862 636 943 682 mußte

373 669 465 716 fruhere
511 670 618 716 Stellung
657 671 680 717 in
722 671 814 717 Anclam
845 671 933 718 aufgeb

375 702 419 748 ene
455 702 583 749 Krankheit
607 703 659 750 mich
687 704 783 750 damals
807 704 907 751 plotzlich
931 705 939 751 d

399 739 513 786 ebrauchs
539 740 631 786 meiner
660 741 763 787 Sprache
792 741 920 788 beraubte,
939 742 946 788 i

374 773 404 819 als
435 773 516 820 Lehrer
542 774 604 820 nicht
627 774 746 821 fungiren
769 775 865 822 konnte.

394 805 398 851 .
448 805 502 852 Seit
520 806 587 852 jener
605 806 659 853 Zeit
682 807 785 853 (184),
812 807 839 853 wo
866 808 889 854 ich
920 808 943 854 di

393 845 448 891 irma
481 846 511 892 J.
539 846 565 892 D.
610 846 724 893 Rauert
752 847 757 893 h

429 873 479 920 mich
512 874 633 920 beſtrebt,
662 875 712 921 auch
741 875 775 921 die
808 875 896 922 aͤußere
933 876 942 922 S

399 909 431 955 uch
443 909 543 956 handels
579 910 623 956 mir
655 911 827 957 anzueignen,
855 912 899 958 und
927 912 935 958 z

360 951 452 997 isher
477 952 543 998 gleich
572 952 622 998 vor,
648 952 693 999 nur
714 953 760 999 mit
781 953 860 1000 einem
881 954 931 1000 ſehr

399 982 455 1028 heile
479 983 519 1029 des
547 983 715 1030 Buchhandels
739 984 763 1030 in
787 984 895 1031 directen
923 985 931 1031 V

357 1019 466 1066 reten,
495 1020 615 1066 vielmehr
645 1020 707 1067 mein
745 1021 926 1068 Commiſſtonar

375 1053 463 1100 derna
479 1054 491 1100 u
515 1054 539 1100 in
567 1054 655 1101 Leipzig
683 1055 747 1101 mein
787 1055 863 1102 ager,
899 1056 935 1102 wie

375 1090 487 1137 ariſchen
519 1091 671 1138 Bedurfniſſe
695 1092 787 1138 meines
823 1092 943 1139 Kreiſesc

381 1123 388 1169 o
414 1123 454 1169 hat
476 1124 513 1170 nie
535 1124 579 1170 und
616 1124 663 1171 wird
685 1125 708 1171 in
726 1125 803 1171 dieſen
832 1125 935 1172 Beziehu

385 1161 431 1207 nais
456 1161 489 1208 die
514 1162 614 1208 noͤthige
639 1162 764 1209 Garantie
789 1163 881 1210 fehlen.
923 1164 931 1210 J

388 1195 403 1241 ts
426 1195 545 1242 geborner
576 1196 695 1243 Sorauer,
714 1197 837 1243 gruͤndlich
868 1198 940 1244 meint

388 1231 424 1281 abe
452 1231 496 1282 mir
520 1232 588 1282 ſogar
612 1232 652 1282 vor
680 1233 788 1283 wenigen
824 1233 932 1284 Monaten

411 1266 436 1316 us
465 1266 582 1317 gekauft,
615 1267 636 1317 in
673 1268 765 1318 welches
790 1268 811 1318 ich
840 1268 865 1319 in
890 1269 957 1319 nachf

387 1299 433 1349 iein
474 1300 645 1350 eſchaftslocal
662 1301 778 1351 verlegen
803 1301 883 1352 werde,
908 1302 941 1352 wie

435 1334 531 1381 rurzlich
547 1335 585 1381 bei
602 1335 785 1382 Verſteigerung
806 1336 848 1382 der
873 1337 931 1383 Wit

406 1371 431 1417 en
460 1371 652 1418 Leihbibliothek
685 1373 785 1419 Seitens
814 1373 852 1419 des
889 1374 944 1420 hieſi

418 1405 439 1451 ts
462 1405 503 1452 zur
534 1406 651 1452 Taxirung
678 1407 803 1453 derſelben
826 1407 939 1454 beauftra

355 1439 410 1485 uuo
434 1439 506 1486 ſolche
526 1440 652 1486 ſchließlich
680 1441 752 1487 ſelbſt
772 1441 877 1488 erſtand.

452 1476 494 1523 aah
525 1477 563 1523 all'
590 1477 682 1524 Diefem
705 1478 794 1524 glaube
809 1478 851 1524 ich,
878 1479 943 1525 namt

396 1512 468 1558 inem
495 1513 590 1559 neuen,
621 1513 644 1559 in
671 1514 788 1560 guͤnſtigſt

403 1541 449 1587 aae
482 1542 519 1588 bei
547 1542 711 1589 fortgeſetzter
753 1543 888 1590 Thaͤtigkeit
921 1544 944 1590 ri

430 1580 434 1626 F
467 1580 542 1627 werter
563 1581 592 1627 zu
617 1581 742 1628 kommen,
772 1582 813 1628 und
838 1582 876 1629 die
901 1583 930 1629 bi

403 1612 541 1659 Vlontat
561 1613 654 1659 meiner
678 1614 758 1660 Firma
782 1614 812 1660 zu
836 1614 937 1661 bewahr

391 1647 591 1694 .iederholt
616 1648 675 1695 bitte
696 1649 721 1695 ich
746 1649 783 1695 bei
800 1649 875 1696 dieſer
892 1650 938 1696 Gel

406 1682 411 1728 E
471 1683 554 1729 zeigen
575 1683 632 1729 (mit
654 1683 732 1730 Firma
758 1684 831 1730 800),
862 1685 888 1731 Pi

435 1719 589 1766 tionsliſten,
619 1720 831 1767 Probenummern
856 1722 898 1768 von
923 1722 935 1768 J

429 1753 433 1799 i
483 1754 550 1800 einen
575 1754 625 1800 ſehr
650 1754 854 1802 ausgebreiteten
879 1756 942 1802 Jour

368 1787 434 1833 ſuhrr
474 1788 584 1834 zugehen
606 1788 636 1834 zu
657 1788 742 1835 laſſen,
767 1789 808 1835 und
837 1789 929 1836 zeichne

624 1823 863 1871 hochachtungsvoll

772 1859 849 1905 rnnl

765 1908 777 1954 —

699 1947 747 1993 D

367 2031 386 2069 16
722 2033 766 2071 A.

367 2112 417 2158 tene
451 2113 547 2159 Rnterat
570 2113 608 2159 des
639 2114 716 2160 Herrn
758 2114 865 2161 Raedſch

369 2167 451 2224 riaßt
473 2167 525 2225 mich
582 2168 590 2225 —
616 2168 681 2225 nicht
708 2169 734 2226 zu
760 2169 820 2226 einer
851 2169 938 2227 Entgeg

354 2186 385 2243 '
398 2186 467 2243 ioern
493 2186 519 2244 zu
549 2187 740 2245 thatſachuchen
775 2188 935 2246 Berichtigun

439 2228 538 2286 vunkte.
597 2229 646 2286 Eine
682 2229 826 2287 Polemir
876 2230 925 2288 iegt

412 2260 452 2317 ner
486 2260 578 2318 Abſicht,
598 2261 660 2318 dazu
681 2261 708 2319 iſt
724 2262 803 2319 meine
845 2262 877 2319 eir
897 2263 924 2320 zu

384 2299 408 2356 uv
430 2299 469 2356 der
491 2299 649 2357 Gegenſtand
675 2300 703 2358 zu
725 2301 872 2358 unwichtig.
1104 2303 1197 2360 tionen
1219 2303 1247 2360 zu
1273 2304 1439 2361 übersenden
1461 2304 1512 2362 und
1534 2305 1569 2362 Sie
1599 2305 1635 2362 um
1660 2306 1681 2363 er

401 2334 405 2391 .
502 2335 546 2392 abe
575 2335 604 2392 ich
638 2335 671 2392 die
710 2336 802 2393 Kunden
826 2336 865 2393 des
908 2337 942 2394 Wi

470 2367 582 2425 eſchaftes
609 2368 691 2425 nicht
709 2369 749 2426 im

443 2401 483 2458 oſc
515 2402 759 2460 übernommen,
779 2403 883 2460 ſondern
899 2404 939 2461 dur

435 2431 556 2489 rwaitung
578 2432 777 2490 herangezogen,
803 2433 842 2490 was
868 2433 938 2491 Herrr

425 2470 495 2527 lvsut
525 2471 638 2528 freiſtand
681 2471 716 2529 wie
746 2472 803 2529 mir.
850 2472 933 2530 Hierbe

429 2504 516 2562 Irooen
546 2505 732 2563 ueverzeugung
767 2506 912 2564 geworden,

426 2541 599 2599 ateuigentere
630 2542 690 2599 Theil
703 2543 742 2600 der
768 2543 938 2601 Einwohnerſe

413 2574 549 2632 Ireuoig
586 2575 736 2633 ausſprach,
773 2576 810 2633 daß
852 2576 937 2634 endlich

470 2608 483 2665 uu
551 2609 695 2667 anolung
726 2610 776 2667 nach
812 2610 893 2668 Sorau
920 2611 938 2668 ke

455 2642 577 2700 rrn
605 2643 768 2701 vtaedſch's
815 2644 927 2702 Etabliſſe

363 2679 452 2736 vrinen,
476 2679 535 2737 rann
559 2680 573 2737 ic
609 2680 673 2737 nicht
693 2680 777 2738 ſagen.

362 2715 418 2772 k..
502 2716 540 2773 ave
568 2716 572 2773 i
628 2716 764 2774 auerdings
792 2717 853 2774 nicht
876 2717 909 2775 die

367 2747 377 2804 X
492 2747 547 2805 errn
577 2748 682 2805 eiaeo1

407 2790 443 2847 ia
461 2790 587 2848 geſcyaftii
627 2791 654 2848 zu
668 2791 762 2849 rennen
825 2792 897 2850 worin
911 2793 938 2850 ick

419 2810 467 2867 iſaa
511 2811 555 2868 mit
591 2811 647 2868 wohi
679 2811 723 2869 oen
747 2812 843 2869 meiſten
879 2812 935 2870 Herr

374 2852 442 2909 Errn
476 2852 566 2910 lheilen
599 2853 667 2910 wetoe
717 2854 727 2911 —
752 2854 810 2911 tann
834 2854 930 2912 deshalb

1003 321 1099 360 gleich]
1115 322 1143 360 ich
1183 322 1255 360 jedoch
1291 323 1355 361 nicht
1391 323 1551 362 widerrufen,
1587 324 1667 363 ſonder

1006 354 1075 392 rcurs
1118 355 1160 393 nur
1187 355 1310 394 nochmals
1336 356 1482 395 beſtaͤtigen.

1022 388 1077 426 wohl
1195 389 1246 427 Dies
1286 390 1349 428 mein
1389 390 1463 428 leider
1492 391 1646 429 provocirtes
1679 392 1687 430 -

983 426 1007 464 or
1039 426 1079 464 am
1119 427 1163 465 und
1191 427 1275 465 letztes
1311 428 1387 466 Wort.

1007 455 1076 493 ingte
1646 458 1665 497 A.

995 497 1007 535 N,
1032 497 1069 535 Dß
1245 498 1291 537 ———

1434 523 1554 562 ranaabe
1573 524 1636 562 einer

1204 608 1222 666 it
1279 609 1326 667 nn
1354 609 1430 667 ſl
1508 610 1513 668 /
1588 610 1651 668 Mnd

1024 644 1224 703 v
1444 646 1594 705 r

1020 688 1112 737 Wilh.
1138 689 1191 737 von
1250 689 1394 738 aulbach's
1431 690 1661 739 Wandgemälde

977 737 1018 785 im
1054 737 1252 786 Treppenhauſe
1279 738 1319 787 des
1369 739 1450 787 Neuen
1504 740 1626 788 Muſeums
1653 740 1684 789 zu

1294 783 1387 831 Berlin

981 817 1139 866 beſchaͤftigt,
1160 818 1223 866 kann
1243 818 1269 866 ich
1294 819 1356 867 nicht
1377 819 1548 868 unterlaſſen,
1573 820 1681 869 denjeni—

979 858 1022 906 gen
1052 858 1218 907 Handlungen
1240 859 1337 908 meinen
1359 860 1505 909 beſonderen
1535 861 1601 909 Dank
1623 861 1682 910 aus—

976 892 1138 941 zuſprechen,
1172 893 1242 941 deren
1280 893 1438 942 erfolgreiche
1476 894 1613 943 Thaͤtigkeit
1643 895 1676 944 ſich

976 929 1065 977 dieſem
1095 930 1260 978 großartigen
1298 931 1475 979 Unternehmen
1502 932 1525 980 in
1552 932 1682 981 beſonders

980 964 1287 1013 anerkennungswerther
1318 966 1390 1014 Weiſe
1413 966 1559 1015 zuwandte.
1605 967 1686 1016 Wobei

976 1000 1003 1048 ich
1034 1000 1176 1049 namentlich
1206 1001 1256 1049 auch
1291 1002 1456 1050 Handlungen
1486 1003 1532 1051 von
1555 1003 1686 1052 kleinerem

984 1035 1197 1084 Wirkungskreiſe
1220 1036 1253 1084 im
1280 1036 1353 1085 Sinne
1372 1037 1445 1085 habe,
1468 1037 1545 1086 denen
1564 1038 1585 1086 es
1604 1038 1681 1087 nichts

979 1070 1039 1118 deſto
1078 1070 1174 1119 weniger
1199 1071 1303 1120 gelang,
1346 1072 1483 1121 Exemplare
1504 1073 1541 1121 des
1577 1073 1684 1122 genann⸗

979 1106 1018 1154 ten
1044 1106 1228 1155 Prachtwerkes
1259 1107 1405 1156 abzuſetzen.
1459 1108 1528 1157 Außer
1551 1109 1631 1157 dieſen
1654 1109 1685 1158 ſei

979 1141 1078 1189 erlaubt
1104 1142 1243 1190 namentlich
1273 1142 1302 1191 zu
1324 1143 1460 1191 erwaͤhnen
1478 1143 1515 1192 die
1544 1144 1647 1192 Herren:

1020 1175 1180 1224 Baedeker
1204 1176 1228 1224 in
1252 1176 1368 1225 Jſerlohn
1392 1177 1436 1225 mit
1460 1177 1468 1225 8
1508 1178 1620 1226 Exempl.,

1020 1209 1300 1259 Perthes-Beſſer
1340 1211 1344 1259 e
1392 1211 1480 1260 Mauke
1508 1212 1532 1260 in
1556 1212 1680 1261 Hamburg

1084 1246 1125 1295 mit
1148 1247 1157 1295 5
1192 1247 1309 1296 Exempl.,

1013 1271 1143 1320 Gebruͤder
1185 1272 1270 1320 Rocca
1297 1273 1320 1321 in
1343 1273 1427 1321 Berlin
1450 1273 1492 1322 mit
1515 1274 1538 1322 13
1569 1274 1680 1323 Exempl.,

1023 1311 1123 1360 Sachſe
1163 1312 1171 1360 E
1203 1312 1239 1360 Co.
1263 1312 1287 1361 in
1315 1313 1399 1361 Berlin
1423 1313 1467 1361 mit
1487 1314 1495 1362 5
1535 1314 1647 1362 Exempl.,

1023 1339 1155 1388 Samſon
1247 1340 1367 1389 Wallin
1399 1341 1423 1389 in
1467 1341 1603 1390 Stockholm
1639 1342 1683 1391 mit

1081 1385 1089 1433 5
1129 1386 1241 1434 Exempl.,

1025 1409 1162 1458 Schmidt
1187 1410 1208 1458 in
1246 1410 1379 1459 New-ork
1404 1411 1446 1459 mit
1475 1411 1496 1460 13
1534 1412 1646 1460 Exempl.,

1024 1446 1192 1495 Schneider
1228 1447 1233 1495 &
1266 1447 1308 1496 Co.
1332 1448 1358 1496 in
1387 1448 1471 1496 Berlin
1495 1449 1538 1497 mit
1566 1449 1571 1497 7
1608 1449 1684 1498 Expl.,

1020 1486 1124 1535 Weber
1153 1487 1178 1535 in
1207 1487 1299 1536 Danzig
1328 1488 1370 1536 mit
1395 1488 1403 1536 7
1441 1488 1553 1537 Exempl.,

977 1492 1019 1540 und
1050 1492 1135 1541 andere
1161 1493 1326 1542 Handlungen
1346 1494 1372 1542 zu
1395 1494 1514 1543 erſuchen,
1537 1495 1568 1543 im
1587 1495 1679 1544 beider⸗

978 1556 1082 1604 ſeitigen
1107 1557 1232 1605 Jntereſſe
1261 1557 1370 1606 aͤhnliche
1407 1558 1528 1607 Reſultate
1553 1559 1583 1607 zu
1612 1559 1679 1608 erzie—

978 1591 1026 1639 len.
1066 1591 1102 1640 Die
1130 1592 1210 1640 ſchoͤne
1238 1592 1418 1641 Continuation
1438 1593 1586 1642 entſchaͤdigt
1610 1594 1678 1643 reich⸗

979 1696 1050 1744 deren
1079 1696 1250 1745 Hilfsmitteln
1275 1697 1338 1746 ſtehe
1367 1698 1392 1746 ich
1421 1698 1538 1747 jederzeit
1559 1699 1588 1747 zu
1613 1699 1680 1748 Dien⸗

978 1629 1012 1677 lich
1045 1629 1083 1677 fuͤr
1107 1630 1154 1678 eine
1178 1630 1425 1679 außergewoͤhnliche
1457 1631 1613 1680 Bemuͤhung.

1068 1665 1100 1714 Mit
1124 1666 1168 1714 den
1192 1666 1268 1714 neuen
1292 1667 1376 1715 Liſten,
1404 1667 1552 1716 Proſpecten
1572 1668 1616 1716 und
1640 1668 1680 1717 an⸗

1028 1753 1032 1783 .

1219 1769 1399 1800 ——
1502 1771 1505 1801 —

1313 1800 1315 1830 0
1450 1801 1533 1831 H

1111 1885 1167 1929 mals
1209 1885 1237 1929 ur
1258 1885 1398 1930 geflligen
1447 1886 1570 1931 eaclitung
1601 1887 1692 1932 empfet

973 1926 1071 1986 oeruͤhrt,
1423 1928 1511 1989 ſ.iRi
1567 1929 1594 1989 o7

975 1960 1036 2020 rau.

1358 2015 1381 2055 ie

1110 2058 1223 2102 gesetzt,
1250 2058 1307 2103 dass
1330 2059 1373 2103 mir
1397 2059 1433 2103 die
1460 2059 1559 2104 Herren
1586 2060 1678 2105 IMalme

985 2092 1066 2136 nthal⸗
1106 2093 1132 2137 de
1172 2093 1293 2138 Riberolles
1319 2094 1345 2138 in
1367 2094 1437 2138 Paris
1462 2094 1510 2139 den
1532 2095 1675 2140 aussohlie

980 2125 987 2169 r
1016 2125 1068 2169 ver⸗
1112 2126 1185 2170 Debit
1203 2126 1269 2170 ihrer
1284 2127 1435 2171 belannten
1453 2127 1648 2172 Publications
1666 2129 1681 2173 i

988 2161 1010 2205 ng
1058 2161 1065 2205 —
1109 2162 1146 2206 für
1186 2162 1381 2207 Deutschland,
1425 2163 1454 2207 hie
1491 2164 1619 2208 Schweiz,
1659 2164 1685 2209 Di

973 2197 984 2241 n
1008 2197 1064 2241 eini⸗
1110 2198 1253 2242 Schveden
1281 2199 1334 2243 und
1372 2199 1509 2244 Norwegen
1537 2200 1674 2245 übertrage

972 2231 1016 2275 icht
1041 2231 1069 2275 in
1111 2232 1207 2276 Darauf
1233 2232 1311 2277 Bezug
1337 2233 1476 2278 nehmend,
1498 2234 1603 2278 erlaube
1625 2234 1657 2278 ich

977 2269 1065 2313 meſſen
1109 2270 1186 2314 Inen
1212 2270 1358 2315 beiliegend
1384 2271 1432 2315 den
1469 2272 1560 2316 Kaialog
1590 2272 1674 2317 dieser

973 2338 1064 2380 ſtruck'⸗
1113 2339 1288 2382 Vervendung
1320 2340 1355 2382 für
1379 2340 1513 2383 dieselben
1555 2341 1565 2383 u
1590 2341 1677 2384 ersucn

997 2374 1067 2416 errn
1104 2375 1259 2417 genannten
1297 2376 1427 2418 Ausgaben
1454 2376 1648 2419 tranzosischer

982 2407 1086 2449 eigeneſ
1103 2408 1156 2450 und
1217 2408 1592 2452 nterhaltungssenrttsteller
1620 2410 1680 2453 sind

975 2442 1059 2484 taedſch
1103 2443 1125 2485 so
1151 2443 1279 2485 dekannt,
1305 2444 1360 2486 dass
1382 2444 1419 2486 ichn
1444 2444 1507 2487 micn
1529 2445 1598 2487 einer
1620 2445 1683 2488 nähe

971 2477 1012 2519 bin
1034 2477 1059 2519 ich
1107 2478 1342 2521 einandersetung
1364 2479 1430 2521 ihrer
1459 2479 1577 2522 Voruge,
1599 2480 1635 2522 die
1654 2480 1679 2523 na

983 2513 987 2555 ß
1025 2513 1060 2555 ſich
1106 2514 1129 2556 in
1155 2514 1294 2557 gefälliger
1324 2515 1562 2558 tvpograpmscher
1589 2516 1639 2558 und
1685 2517 1692 2559 i

977 2547 995 2589 ft
1009 2547 1061 2589 dar⸗
1103 2548 1177 2590 scher
1219 2548 1380 2591 Ausstattung
1415 2549 1551 2592 bestehen,
1586 2550 1691 2593 uberhol

976 2581 1065 2623 einmal
1104 2582 1222 2624 trachten
1247 2582 1314 2625 darf.
1353 2583 1384 2625 Ich
1412 2583 1494 2626 maene
1518 2584 1556 2626 Sie
1581 2584 1626 2626 nur
1643 2584 1684 2627 dar

977 2618 999 2660 ez
1028 2618 1065 2660 für
1105 2619 1241 2661 merksam,
1281 2619 1314 2662 wie
1343 2620 1402 2662 sehr
1428 2620 1475 2663 sioh
1508 2621 1549 2663 dei
1574 2621 1615 2663 der
1644 2621 1688 2664 bes

973 2653 999 2695 nt
1024 2653 1061 2695 ge-
1145 2654 1303 2697 ohlfeiſheit
1332 2655 1413 2697 dieser
1442 2655 1640 2698 tudncationen
1670 2657 1699 2699 ih:

1116 2689 1165 2731 etzt
1193 2689 1372 2732 bedeutender
1403 2690 1491 2733 Absatz
1512 2691 1575 2733 nocn
1596 2691 1690 2734 steiger

969 2722 997 2764 ſre
1025 2722 1060 2764 ge—
1116 2723 1179 2765 venn
1211 2723 1249 2765 Sie
1281 2723 1316 2766 die
1351 2724 1508 2767 geeigneten
1561 2725 1697 2768 Maassnahn

968 2759 972 2801 r
1000 2759 1059 2801 ſeine
1105 2760 1171 2802 ihrer
1189 2760 1434 2803 Becanntmachung
1454 2761 1479 2804 in
1496 2762 1605 2804 vweitern
1629 2762 1689 2805 Kreis

976 2795 1061 2837 leiches
1100 2796 1156 2838 fen,
1177 2796 1230 2838 und
1254 2796 1281 2838 zu
1302 2797 1398 2839 diesem
1419 2797 1523 2840 Zvwecxe
1544 2798 1696 2841 namentliel

1007 2828 1059 2870 Ver⸗
1101 2829 1154 2871 eine
1185 2829 1241 2871 gute
1283 2830 1399 2872 Ausvvahl
1441 2830 1507 2873 avon
1539 2831 1581 2873 auf
1612 2831 1689 2874 Ihrem

968 2865 1009 2907 luch
1038 2865 1060 2907 in
1078 2865 1196 2908 lhalten.
1240 2866 1280 2908 Die
1309 2867 1449 2909 besonders
1478 2868 1621 2910 gunstigen
1654 2868 1695 2911 Bec

1724 2831 1803 2881 Lager

1722 322 1820 364 hiermit
1880 322 1978 365 leinern
1999 323 2342 367 Sortimentshandlungen,
2367 325 2426 367 dies

1861 355 1928 398 nicht
1956 356 2075 398 Vorrãthe
2099 357 2292 400 französischer
2313 358 2428 400 Literatu

1746 391 1816 433 erſtes
1858 391 1903 434 ger
1945 392 1956 434 u
1977 392 2089 434 nehmen
2113 393 2225 435 pflegen,
2250 393 2369 436 möglieh,
2393 394 2435 436 von

1862 425 1909 468 ben
1939 426 2002 468 stets
2035 426 2192 469 venistens
2252 427 2332 470 inies
2372 428 2436 470 vorri

1722 461 1956 506 ath.halten.
2000 462 2063 506 Dass
2085 462 2136 507 dies
2162 463 2312 508 namentlieh
2367 464 2419 508 and

1814 498 1821 552 —
1861 498 1984 553 Stãdten,
2044 499 2051 553 o
2078 499 2178 554 einiger
2201 500 2431 555 Fremdenverlcem

1702 526 1726 581 on
1769 527 1800 581 ilſt
1859 527 1936 582 ihrem
1962 528 2073 582 eigenen
2102 529 2227 583 Interesse
2256 529 2343 584 immer
2372 530 2434 584 thun

1750 566 1948 621 2bedart
1977 567 2044 621 Raum
2067 567 2138 622 einer
2160 568 2308 623 besondern
2360 569 2421 623 rvwãh

1934 601 1972 655 Die
2004 601 2298 657 Bezugsbedinonngen
2322 603 2378 657 sind
2403 603 2434 657 fo]

1721 637 1790 691 luor
1955 638 2033 692 1)Ioh
2059 638 2146 693 liefere
2172 639 2206 693 ae
2293 640 2349 694 dem
2375 640 2414 694 bei

1752 676 1756 730 s
1787 676 1817 730 zu
2009 677 2124 732 Kataloge
2147 678 2377 733 verzeichneten,,
2388 679 2431 733 Pub

1997 714 2126 769 illustrées
2172 715 2203 769 im
2249 715 2375 770 inzelnen
2396 716 2434 770 mit

2009 750 2094 804 Rabatt
2116 751 2160 805 von
2179 751 2227 805 den
2243 751 2427 806 beigesetzten

1813 783 2037 838 RBi
2072 784 2191 839 Abnahme
2223 785 2293 840 einer
2321 786 2401 840 Partie

1997 816 2098 871 destens
2133 817 2151 871 25
2189 817 2193 871 ß
2228 817 2294 872 netto
2326 818 2368 872 auf
2399 818 2434 872 ein

1998 851 2083 905 vãhre
2112 852 2142 906 ich
2178 852 2296 907 dagegen
2325 853 2388 907 volle
2432 853 2435 907 i

1812 891 1816 945 i
1996 892 2065 946 führe
2088 892 2143 947 auch
2183 893 2429 948 Nachbestellungen

2000 925 2060 979 ehen
2106 926 2269 980 andlungen,
2286 926 2324 981 die
2345 927 2437 981 einmal

1995 962 2042 1016 sen
2069 962 2157 1017 Betrag
2184 963 2304 1018 bezogen
2324 964 2423 1018 haben,

1814 996 1818 1050 —
1995 997 2083 1051 selben
2106 998 2251 1052 günstigen
2274 998 2424 1053 Bedingung

1811 1032 1815 1086 i
1957 1033 1965 1087 2
1999 1033 2041 1087 Die
2080 1033 2233 1088 Expedition
2268 1034 2398 1089 geschieht

1996 1070 2043 1124 nur
2073 1070 2165 1125 geen
2194 1071 2278 1125 haar,
2308 1072 2363 1126 doch
2392 1072 2433 1126 tau

2011 1107 2253 1162 Niehtabgesetztes,
2277 1108 2365 1163 sofern
2389 1109 2432 1163 mir

1993 1144 2055 1198 chen
2082 1144 2210 1199 ĩnnerhalb
2247 1145 2315 1200 eines
2358 1146 2429 1200 ahres

1993 1180 2101 1235 gesant
2129 1181 2203 1235 vvird,
2231 1181 2312 1236 gegen
2336 1182 2431 1236 andere

2012 1215 2033 1269 es
2068 1215 2180 1270 Katalogs
2201 1216 2264 1270 ohne
2292 1217 2390 1271 Verlust
2411 1217 2436 1271 ai

1993 1249 2044 1303 aus.
2084 1249 2253 1304 Dergleiehen
2279 1250 2429 1305 Umtauschg

1995 1282 2095 1337 mussen
2119 1283 2202 1337 jedoch
2226 1283 2312 1338 ĩmmer
2329 1284 2376 1338 auf
2396 1284 2433 1338 ein

1993 1317 2122 1372 sonehen,
2165 1318 2434 1373 Differenzgutschrit

2006 1351 2132 1406 Rechnung
2171 1352 2269 1406 cönnen
2293 1353 2367 1407 dabei
2391 1353 2426 1407 nic

1991 1384 2086 1438 finden.

1933 1421 1964 1475 Als
1982 1421 2020 1475 ein
2038 1421 2181 1476 vwirksames
2206 1422 2419 1477 Vertriebsmittel

1853 1457 1883 1511 ich
1910 1458 1991 1512 Ihnen

1756 1485 1810 1539 rzie-
1856 1485 1940 1540 davon
1967 1486 2021 1540 eine
2067 1486 2163 1541 leinere
2205 1487 2293 1542 Anzahl
2320 1488 2408 1542 gratis

1740 1523 1810 1577 reich⸗
1862 1523 2024 1578 Verfügung,
2046 1524 2101 1579 und
2115 1525 2243 1579 berechne
2261 1525 2381 1580 grössere
2407 1526 2431 1580 Pe

1724 1561 2087 1616 g.ausserordentlich
2117 1563 2245 1617 mässigen
2271 1563 2385 1618 Preisen,
2414 1564 2432 1618 ni

1724 1598 1751 1652 nd
1770 1598 1812 1652 an⸗
1977 1599 1996 1653 25
2027 1599 2180 1654 Exemplare
2200 1600 2238 1654 für
2284 1600 2288 1655 —
2318 1601 2322 1655 s
2361 1601 2368 1655 5
2410 1601 2430 1655 Ne

1742 1634 1812 1688 Dien⸗
1977 1635 1999 1689 50
2281 1636 2322 1691 —,,
2351 1637 2369 1691 10

1962 1672 2319 1728 100»—,,

1831 1709 1837 1763 1

1929 1759 2110 1806 ,'

1806 1774 1812 1820 —
1936 1775 2142 1822 Arangen
2166 1776 2259 1822 druele

1789 1813 1813 1859 e
1859 1813 1908 1860 Ihre
1943 1814 2013 1860 niriua
2058 1814 2121 1861 egen
2146 1815 2230 1861 buuge
2265 1815 2303 1862 Ver

1939 1839 2001 1885 —
1959 1839 1973 1885 ——
1983 1839 2002 1885 ———

1759 1839 1837 1885 a]
1924 1840 1967 1886 Ien
1989 1840 2075 1886 mache
2104 1841 2140 1887 Sie
2169 1841 2293 1888 ubrigens
2323 1842 2381 1888 noch
2419 1842 2424 1888 b

1853 1877 1946 1924 darauf
1974 1878 2162 1925 aufmerksam,
2191 1879 2250 1925 dass
2279 1879 2320 1926 der
2363 1880 2383 1926 Ka

1706 1922 1721 1969 1

1852 1908 1898 1954 nur
1922 1909 1957 1955 die
1982 1909 2178 1956 gevvöhnlichen
2216 1910 2325 1957 Romans
2353 1911 2426 1957 illust

1708 1947 1774 1994 1od.
1851 1948 1918 1995 hãlt,
1941 1949 2054 1995 sondern
2078 1949 2135 1996 auch
2165 1950 2218 1996 eine
2248 1950 2331 1997 grosse
2368 1951 2425 1997 Anza

1704 1983 1812 2030 Börsen-
1854 1984 1889 2030 rer
1924 1985 2085 2031 verthvoller
2117 1986 2166 2032 und
2194 1986 2250 2032 sehr
2281 1986 2337 2033 verlc
2344 1987 2418 2033 ãuflic

1711 2018 1809 2064 nntniss
1854 2018 1956 2065 strirter
1977 2019 2183 2066 Publicationen,
2211 2020 2285 2066 deren
2313 2021 2418 2067 Vertrieb

1703 2053 1766 2100 ade
1806 2054 1810 2100 &
1853 2054 1902 2101 den
1919 2055 2064 2101 gũnstigen
2085 2055 2379 2103 Bezugsbedingungen
2397 2057 2431 2103 für

1699 2087 1811 2134 slichen
1850 2088 1958 2135 sonders
1990 2089 2105 2136 lohnend
2137 2090 2238 2136 machen
2270 2090 2347 2137 muss.
2399 2091 2431 2137 Ict

1699 2122 1808 2169 ustrèes
1857 2123 1934 2170 Ihnen
1958 2124 2004 2170 von
2025 2124 2130 2171 solchen
2147 2125 2207 2171 nur:
2252 2125 2329 2172 Musèe
2354 2126 2382 2172 de
2410 2126 2413 2172 C

1699 2158 1813 2205 aemark,
1853 2159 2019 2206 modernes,
2059 2160 2268 2207 Enoyclopédie
2301 2162 2312 2208 d
2353 2162 2430 2208 istoi

1718 2195 1930 2242 haben.relle,
1967 2196 2052 2242 Petits
2088 2196 2191 2243 Albums
2220 2197 2290 2244 pour
2320 2198 2389 2244 rire,
2422 2198 2430 2244 E

1700 2229 1728 2276 ir
1750 2230 1811 2276 nun,
1854 2230 1931 2277 pédie
1964 2231 2118 2278 musioale,
2150 2232 2301 2279 Panorama
2337 2233 2425 2279 music

1713 2266 1809 2312 ublica-
1874 2266 1883 2312 s
1915 2267 1977 2313 cann
1996 2267 2073 2313 Ihnen
2098 2268 2172 2314 somit
2197 2268 2219 2314 in
2241 2268 2330 2315 keiner
2370 2269 2432 2315 Veise

1712 2303 1807 2349 rgische
1852 2303 1940 2350 fallen,
1964 2304 2087 2350 Zunächst
2111 2305 2150 2351 fũr
2171 2305 2332 2352 mindestens
2360 2306 2381 2352 25

1702 2337 1724 2384 n.
1768 2338 1808 2384 Die
1852 2338 1951 2385 vwählen
1977 2339 2025 2385 und
2040 2339 2087 2385 sich
2113 2340 2219 2386 dadurch
2245 2340 2286 2387 der
2308 2341 2425 2387 vortheilh

1702 2370 1810 2417 lassikcer
1856 2371 2041 2418 Bedingungen
2069 2372 2125 2419 auch
2164 2373 2202 2419 für
2234 2373 2321 2420 später
2346 2374 2349 2420 z
2398 2374 2419 2420 ve

1713 2408 1830 2454 überall]
1856 2408 1878 2454 Zu
1915 2409 2040 2455 grössern
2076 2409 2260 2456 Bestellungen
2304 2411 2399 2457 Können

1706 2440 1720 2487 n
1753 2441 1807 2487 Aus-
1876 2441 1957 2488 atalog
1983 2442 2064 2488 selbst
2089 2442 2257 2489 vervwenden,
2279 2443 2327 2490 den
2349 2444 2380 2490 ich
2426 2444 2430 2490 r

1697 2474 1830 2521 nentlich]
1855 2475 1956 2522 Zwecke
1984 2476 2096 2523 passend
2121 2477 2293 2524 eingerichtet
2317 2478 2391 2524 habe.

1704 2510 1809 2557 nstleri-
1925 2512 1935 2558 F
2012 2512 2121 2559 Verleger
2180 2513 2226 2559 eise
2258 2513 2286 2560 icſ
2324 2514 2377 2560 noet
2415 2514 2419 2560 6

1708 2549 1738 2595 en
1767 2549 1829 2595 be-]
1848 2549 1943 2596 darauf
1994 2550 2035 2596 in,
2064 2550 2119 2597 dass
2148 2551 2288 2598 ie

1751 2572 1804 2618 auf-
1849 2572 1891 2618 den
1933 2573 2021 2619 Vereen
2038 2573 2206 2620 oefindlicier
2227 2574 2420 2621 Illustrationen

1718 2610 1806 2656 ndern
1847 2610 1915 2657 sigen
1963 2611 2044 2657 reisen
2068 2611 2156 2658 liefern
2180 2612 2261 2658 lcann.

1725 2644 1807 2690 schon
1920 2645 1950 2691 Ich
1975 2645 2034 2691 sehe
2055 2645 2130 2692 Ihren
2151 2646 2291 2693 gefälligen
2305 2647 2424 2693 zahlreict

1735 2691 1804 2737 Iässt,
1845 2691 1940 2738 trägen
1962 2692 2094 2739 entgegen
2120 2693 2171 2739 und

1776 2708 1826 2754 zu]
1841 2708 1883 2754 ser
1914 2709 2083 2755 Gelegenheit
2114 2710 2167 2756 aufs
2213 2710 2263 2756 Nene
2298 2711 2374 2757 meine

1714 2748 1728 2794 n
1742 2748 1801 2794 tref-
1843 2748 1899 2794 Iung
1924 2749 1966 2795 zur
1994 2749 2144 2796 Beschaffun
2190 2750 2253 2796 Ihres
2278 2750 2418 2797 auslãndis⸗

1731 2786 1804 2832 mmer
1844 2786 2064 2833 teraturbedarfs.

2159 2822 2228 2868 .
2259 2822 2404 2869 Broelna

1710 2873 1803 2885 ingun-
