2776 3302
264 186 271 254 M
293 186 339 255 69,
366 187 413 255 30.
457 187 515 255 Mai.

933 198 1127 264 Börſenblatt
1148 198 1193 265 für
1214 199 1270 265 den
1291 199 1440 265 deutſchen
1472 199 1671 266 Buchhandel.
2259 201 2321 268 989

225 305 276 371 aes
313 305 463 372 daniſches
517 306 716 372 Sprachbuch.

188 341 279 407 ]Jm
310 341 559 408 Veriagsbureau
585 342 608 408 in
675 342 730 409 tona
760 343 820 409 er⸗]
868 343 888 409 r-

199 384 295 450 ſoeben,
329 384 429 451 wiro
404 385 462 451 aoer
491 385 541 451 nur
562 385 612 451 ail
683 385 796 452 erlan⸗

190 422 281 488 eſandt,
302 422 323 488 da
347 422 368 489 es
393 423 435 489 nur
456 423 491 489 fur
508 423 603 489 gewtſe
624 423 795 490 xandesthetle

187 491 357 558 nentarvuch
386 492 434 558 der
458 492 608 558 daniſcyen
642 492 773 559 Sprache.

290 548 295 614 5
334 548 422 615 Bogen
449 549 543 615 droſ.
570 549 576 615 o
614 549 708 615 S,

216 582 270 648 ond.
296 582 339 648 mit
360 583 505 649 ge
483 583 558 649 sesen
595 583 638 649 aur
676 583 708 649 nir
750 584 793 650 υo,

193 609 267 675 rtieen
288 609 295 675 a
330 609 333 675 2
431 610 435 676 t
459 610 529 676 baar,
561 610 624 676 wrunl
655 610 673 676 te
697 610 837 677 gletch]11

214 650 314 716 werden.

214 704 254 770 her
277 704 394 771 erſchien:

202 730 212 796 ,
255 730 454 797 Elementarouc
492 731 536 797 zur
579 731 715 797 Eriernung
754 732 792 798 der

399 791 411 857 D

189 821 255 887 tres,
311 821 367 888 ro.,
413 822 600 888 iementarouc
642 822 679 888 der
703 822 787 889 franz.
866 823 871 889 ſ

215 867 263 933 che.
295 867 300 933 7
418 868 428 934 .

191 911 229 921 ten
261 911 296 921 wir
317 911 345 921 zu
369 912 516 922 veriangen.

237 971 242 1017 —
289 971 335 1017 Nur
361 972 423 1018 hier
444 972 614 1018 angezeigt.

202 1026 226 1072 en
250 1026 374 1073 deutſchen
398 1027 442 1073 und
466 1027 654 1073 auslanoijchen
678 1027 790 1074 Firmen,
874 1028 882 1074 4

226 1064 425 1111 unverlangt
474 1065 523 1111 cova
548 1065 695 1111 annehmen,
719 1066 786 1112 ſand⸗
782 1066 881 1112 —

219 1100 242 1146 ::

210 1137 306 1175 ratique
333 1138 375 1176 des
394 1138 548 1176 proprietes
578 1138 709 1177 ourauves
763 1139 809 1177 es]
828 1139 882 1177 erſch

219 1181 346 1220 hermales
369 1182 406 1220 sul
416 1182 532 1220 tureuses
546 1182 559 1220 u
592 1182 786 1221 A-
656 1182 879 1221 L--lan

224 1221 280 1259 tdu
300 1221 372 1260 mode
396 1222 424 1260 ue
448 1222 500 1260 leur
520 1222 616 1260 empioi
636 1222 680 1260 par
700 1223 720 1261 le
768 1223 788 1261 r.
836 1223 880 1261 wels

257 1260 308 1298 lar,
358 1261 451 1299 édecin
469 1261 520 1299 aux
516 1261 555 1299 eux
640 1261 650 1299 u
678 1261 786 1300 AX-La-
855 1262 878 1300 t

257 1308 358 1353 napelle,
390 1309 498 1353 membre
540 1309 565 1353 de
603 1309 736 1354 plusieurs
768 1310 880 1354 sooiétés

227 1357 257 1401 es.
292 1357 357 1402 Pres
387 1358 392 1402 1
437 1358 447 1402 d
507 1358 537 1402 m.
617 1358 807 1403 abaut.J

212 1388 335 1432 dlungen,
371 1389 447 1433 weie
483 1389 554 1433 ioren
614 1389 681 1433 ryuer
712 1389 783 1434 ſeioſt

211 1414 321 1458 belieben
343 1415 387 1459 von
417 1415 501 1459 vvipzig
530 1415 560 1459 zu
585 1415 717 1460 vriungrn
725 1416 728 1460 .

519 1504 561 1552 nry
588 1504 591 1553 d
664 1505 749 1553 ohen.

186 1550 334 1600 lpausgabe
366 1551 406 1601 der
470 1551 534 1601 aydn
550 1551 618 1601 ſcen
654 1551 782 1602 Lompoſi-

352 1616 394 1666 ien
413 1616 563 1666 bereffeno.

231 1641 318 1691 meiner
348 1642 426 1692 neuen
461 1642 712 1692 Stereotypausgave
760 1643 778 1693 EE
834 1643 877 1693 asa

182 1666 247 1716 ſchen
290 1666 481 1717 Compoſitionen
520 1667 589 1717 wuroe
619 1667 658 1717 oer
715 1667 775 1718 ciuß

191 1706 218 1756 en
249 1706 389 1757 Abtheilung
438 1707 470 1757 r.
591 1707 596 1757 1
636 1707 690 1757 nroſt
726 1708 780 1758 Por⸗

190 1742 247 1792 Titel
268 1742 307 1792 und
338 1742 459 1793 umſciag
485 1743 520 1793 ats
576 1743 650 1793 ramie
680 1743 719 1793 am
758 1744 780 1794 v.
797 1744 801 1794 ſ
819 1744 875 1794 gega

194 1776 199 1826 .
224 1776 264 1826 J.,
285 1776 359 1827 ſowie
402 1777 437 1827 Nr.
458 1777 468 1827 1
514 1777 550 1827 oer
614 1777 658 1827 uun
701 1777 706 1827 ·
744 1778 762 1828 AAb
818 1778 884 1828 men

221 1812 281 1862 nebſt
320 1812 435 1863 Pramen
463 1813 563 1863 unterm
595 1813 629 1863 1.
680 1813 717 1863 cai
742 1814 776 1864 als

188 1846 230 1896 ung
257 1846 380 1897 verſandr.

231 1893 318 1943 dieſem
361 1894 468 1944 Termne
497 1894 550 1944 hort
579 1894 613 1944 oie
652 1894 879 1945 befondere]'t

185 1910 279 1960 kiaung,
293 1910 330 1960 daß
349 1911 372 1961 ich
391 1911 456 1961 die..
470 1911 615 1961 avvteeuuns
633 1911 708 1961 grgen
722 1912 801 1962 eaat]

195 1955 209 2005 X
246 1955 293 2005 Rab.
321 1955 456 2006 expedirie,
489 1956 545 2006 aut,
587 1956 652 2006 orme
680 1956 722 2007 oar
745 1957 801 2007 io

185 1986 293 2036 remplar
315 1986 358 2037 auf
371 1987 380 2037 6
402 1987 415 2037 n
428 1987 432 2037 a
449 1987 454 2037 c
493 1987 527 2037 un
579 1987 605 2037 uu
657 1987 800 2038 dzogrneſ

185 2020 224 2070 are
241 2020 354 2071 lieferte,
376 2021 419 2071 uno
441 2021 523 2071 tceren
540 2021 597 2071 oufu
644 2021 683 2071 ert
705 2021 800 2072 meineſ
852 2022 883 2072 ,

190 2061 260 2111 lichen
288 2061 681 2112 Rabattvedingunsei
606 2062 653 2112 ſ
704 2062 779 2113 oifenn

181 2094 284 2144 ſitionen
311 2094 361 2145 ein,
388 2095 478 2145 namuc
523 2095 577 2145 oss
608 2095 613 2145 o
649 2095 671 2145 in
721 2096 779 2146 nec⸗

193 2129 210 2179 40
281 2129 356 2180 gegen
385 2130 443 2180 oaar
477 2130 523 2180 uno
614 2130 777 2181 reixremptar
831 2131 848 2181 '

187 2165 240 2215 auf
271 2165 366 2216 einma
418 2166 461 2216 feſt
491 2166 548 2216 oder
575 2166 632 2216 daar
659 2166 772 2217 dezogel
817 2167 881 2217 cne

186 2195 233 2245 are.

213 2242 248 2292 eich
283 2242 378 2293 erlaube
408 2243 433 2293 ich
463 2243 508 2293 mir
528 2243 643 2293 hiermit,
668 2243 708 2293 um
758 2244 778 2294 r⸗
868 2244 873 2294 i

202 2265 243 2315 und
283 2265 423 2316 Aufenthalt
445 2266 472 2316 in
499 2266 535 2316 orr
585 2266 711 2316 rprvirion
738 2267 774 2317 fur
841 2267 873 2317 .

184 2299 207 2349 ae
243 2299 256 2349 u
279 2299 432 2350 vermeiden,
454 2300 495 2350 oar
522 2300 531 2350 i
576 2300 697 2350 nunmeyr
720 2301 751 2351 au

184 2333 288 2383 on'ſchen
313 2333 509 2384 Compoſttonen
522 2334 543 2384 in
593 2334 651 2384 unoe
676 2334 776 2385 broſcyi⸗
843 2335 847 2385 i

223 2372 292 2422 ſowie
314 2372 340 2422 ich
366 2373 418 2423 dies
435 2373 522 2423 frugr
548 2373 587 2423 mit
613 2373 656 2423 oen
717 2373 773 2424 eet⸗

184 2402 255 2452 'ſchen
275 2402 321 2452 und
363 2403 371 2453 c
384 2403 409 2453 oz
426 2403 430 2453 a
447 2403 472 2453 rt
488 2403 547 2453 ſeru
593 2403 776 2454 ompontionen

184 2443 253 2493 habe,
275 2443 314 2493 daß
340 2443 362 2494 ich
388 2444 435 2494 alſo
461 2444 539 2494 vuen
565 2444 630 2494 mup,
652 2444 691 2494 vei
713 2444 773 2495 dem-

188 2477 213 2527 en
246 2477 417 2528 Beſtellungen
438 2478 492 2528 ſnv
526 2478 551 2528 zu
576 2478 718 2528 demerren,
751 2479 772 2529 ob
830 2479 872 2529 vv44

188 2508 197 2558 n
214 2508 392 2559 einzelnen
418 2509 526 2559 Hern
548 2509 600 2559 ooer
622 2509 704 2559 vroſc
856 2510 864 2560 7

186 2547 213 2597 ht
238 2547 335 2597 werden.
386 2548 434 2598 Aucy
451 2548 517 2598 rann
529 2548 556 2598 ich
576 2548 681 2598 eimzeine
711 2548 772 2599 Oefte

183 2580 309 2630 llſtaͤndige
336 2580 476 2631 Exemplare
494 2581 521 2631 in
543 2581 669 2631 einzeinen
710 2581 777 2632 efren

202 2614 305 2664 liefern,
337 2614 445 2665 wogegen
468 2615 506 2665 ein
529 2615 665 2665 geoeftetes
711 2615 772 2666 rem⸗

183 2648 193 2698 n
217 2648 299 2698 Haydn
319 2648 377 2699 gern
396 2649 406 2699 a
449 2649 502 2699 ono·
522 2649 551 2699 zu
594 2649 686 2699 ienten
725 2650 773 2700 eht,

184 2682 310 2732 leichzeitig
342 2682 526 2733 entſpreende
549 2683 603 2733 fene
657 2683 769 2734 eſtellung

249 2718 331 2768 Meinen
388 2719 600 2769 Munranenverlag
643 2719 687 2769 aus
721 2720 773 2770 oem

193 2752 238 2802 und
265 2752 369 2803 fruͤhern
414 2753 490 2803 ayren
513 2753 576 2803 rann
594 2753 621 2803 ich
652 2753 693 2803 nur
720 2754 756 2804 noc

222 2784 338 2834 Rechnung
366 2785 521 2835 eoetsrgen
544 2785 600 2835 oaar
623 2785 722 2836 liefern.

443 2854 490 2904 nr

203 2860 341 2910 fenbuͤttel,
366 2861 403 2911 22.
453 2861 470 2911 ca
507 2861 562 2911 1bb

647 2923 794 2974 Holle.1

235 2935 386 2986 zwanzigſter
419 2936 557 2986 Jahrgang.

986 317 1082 365 Soeben
1112 317 1231 366 erſchien,
1274 318 1320 366 wird
1358 318 1465 366 indeſſen
1496 318 1538 367 nur
1581 319 1615 367 [dd

969 350 1084 398 erlangen
1109 350 1238 399 verſandt:

924 391 944 439 o,
975 391 1012 439 D.,
1053 391 1068 439 r.
1084 391 1161 440 phil.,
1172 392 1322 440 Geſchichte
1342 392 1539 441 Oſtfrieslands
1606 393 1627 441 iſ

924 436 1184 485 i10/0-1751.
1219 437 1264 485 (IJ.
1304 437 1399 485 Theil).
1424 437 1449 485 n.
1474 437 1484 485 2
1624 438 1629 486 b

957 479 1007 527 Ng.

947 518 1087 566 ndlungen,
1138 518 1212 567 welche
1242 519 1282 567 fuͤr
1307 519 1351 567 den
1389 519 1425 567 im
1458 519 1537 568 Jahre
1619 520 1624 568 d

922 551 1088 599 erſchienenen
1122 551 1126 599 .
1180 552 1226 600 heil
1251 552 1297 600 (die
1318 552 1455 600 Geſchichte
1489 552 1535 601 Oſt-
1593 553 1626 601 Klo

929 591 965 639 nds
995 591 1028 639 bis
1053 591 1119 639 1070)
1152 591 1218 640 Abſatz
1244 592 1369 640 gefunden
1391 592 1479 640 haben,
1501 592 1538 641 er⸗
1622 593 1630 641 4

921 627 946 675 zu
970 627 1117 675 vertangen.

1144 666 1273 715 tungsvoll

1280 745 1316 793 nl
1356 745 1500 793 Nümpler.

921 798 1025 854 [6839.]
1068 798 1103 854 Jn
1142 798 1272 855 Körner's
1311 799 1393 855 Berlag
1424 799 1450 855 in
1480 799 1562 856 Erfurt
1593 800 1628 856 er—

962 850 1050 906 ſchien:

928 882 1122 938 Haushalter,
1151 882 1180 939 C.,
1194 883 1383 939 Geſchichte
1402 883 1451 939 des
1494 883 1625 940 Mozart⸗

976 928 1141 984 Vereins.
1182 929 1346 985 Denkſchrift
1364 929 1407 985 zur
1425 929 1626 986 hundertjaͤhri⸗

962 971 1013 1027 gen
1037 971 1186 1028 Jubelfeier
1228 972 1354 1028 Mozart's,
1378 972 1546 1029 aetenmaͤßig
1569 973 1625 1029 dar⸗

922 1125 1027 1181 [6840.]
1076 1125 1115 1181 Bei
1164 1125 1173 1181 .
1205 1126 1419 1182 Bertelsmann
1443 1126 1465 1182 in
1485 1126 1623 1183 Guͤtersloh

922 1167 1036 1223 erſcheint
1065 1167 1165 1223 ſoeben,
1204 1168 1253 1224 wird
1285 1168 1345 1224 aber
1373 1168 1429 1224 nur
1457 1168 1517 1224 auf
1557 1168 1624 1225 Ver—

922 1202 1040 1258 langen
1076 1202 1205 1259 verſandt,
1241 1203 1285 1259 und
1329 1203 1410 1259 wollen
1450 1203 1623 1260 Handlungen,

929 1236 1005 1292 welche
1029 1236 1061 1292 ſich
1105 1236 1169 1292 Abſatz
1197 1237 1365 1293 verſprechen,
1393 1237 1413 1293 in
1441 1237 1549 1293 maͤßiger
1585 1238 1621 1294 An⸗

921 1271 977 1327 zahl
997 1271 1125 1327 beſtellen:

1062 1310 1113 1366 Das
1150 1310 1290 1367 Koͤnigliche
1318 1311 1496 1367 evangeliſche

943 1354 1129 1410 Schullehrer
1165 1354 1300 1411 Seminar
1331 1355 1356 1411 in
1403 1355 1594 1412 Petershagen

1176 1406 1201 1463 in
1230 1407 1372 1463 Weſtfalen.

933 1438 1029 1494 Bericht
1049 1438 1111 1494 uͤber
1126 1438 1169 1494 das
1218 1439 1339 1495 5jaͤhrige
1368 1439 1493 1495 Beſtehen
1513 1439 1551 1495 der
1580 1440 1619 1496 An⸗

1092 1487 1150 1543 ſtalt
1169 1487 1212 1544 am
1227 1488 1251 1544 6.
1285 1488 1348 1544 April
1377 1488 1440 1544 1856

1249 1533 1295 1589 von

1021 1556 1141 1612 Friedr.
1171 1556 1381 1613 Vormbaum,
1411 1557 1526 1613 Director.

989 1604 998 1660 5
1064 1604 1143 1660 Bogen
1162 1604 1185 1661 in
1209 1605 1246 1661 gr.
1274 1605 1293 1661 4.
1330 1605 1353 1661 12
1386 1605 1428 1661 S9f
1456 1605 1498 1661 mit
1550 1605 1554 1661 .

1121 1662 1121 1730 ·

922 1668 1024 1736 (os1]
1177 1668 1382 1737 Anzeige.

956 1738 1019 1782 ,se
1046 1738 1082 1782 der
1104 1738 1131 1782 in
1154 1738 1230 1783 letzter
1248 1739 1303 1783 Zeit
1325 1739 1339 1783 ſo
1366 1739 1447 1783 haufig
1474 1739 1523 1783 ein-

924 1770 980 1814 enen
1044 1770 1196 1815 eſteuungen
1228 1771 1268 1815 auf
1300 1771 1336 1815 die
1380 1771 1520 1815 Supple⸗

915 1807 919 1851 e
945 1807 985 1851 zur
1007 1807 1088 1851 ietzten
1124 1807 1216 1852 Auflage
1242 1808 1286 1852 von

1027 1856 1061 1916 r's
1114 1856 1255 1916 Aniverſal
1264 1856 1269 1916 -
1303 1856 1419 1917 erikon,

928 2011 961 2063 wir
986 2011 1078 2063 binnen
1115 2011 1210 2064 Kurzem
1236 2012 1269 2064 die
1294 2012 1335 2064 feſt
1357 2012 1401 2064 und
1423 2012 1481 2064 baar
1507 2012 1621 2065 verlana—

919 2046 961 2098 ten
996 2046 1134 2098 Exemplare
1164 2046 1291 2099 expediren
1321 2047 1348 2099 zu
1379 2047 1483 2099 konnen.
1536 2047 1582 2100 Der
1609 2048 1624 2100 J.

928 2081 990 2133 Band
1017 2081 1063 2133 von
1078 2081 1155 2133 dieſen
1185 2082 1381 2134 Supplementen
1400 2082 1458 2134 ſteht
1481 2082 1504 2134 in
1523 2082 1619 2135 maͤßi⸗

920 2115 968 2167 ger
1008 2115 1116 2167 Anzahl
1140 2115 1144 2167 à
1188 2116 1256 2168 Cond.
1276 2116 1304 2168 zu
1336 2116 1448 2168 Dienſten
1472 2116 1512 2168 und
1540 2116 1624 2169 bitten

928 2151 963 2203 wir
986 2151 1028 2203 um
1051 2151 1112 2203 Jhre
1135 2151 1231 2204 fernere
1254 2152 1350 2204 thaͤtige
1385 2152 1565 2205 Verwendung.

993 2188 1036 2240 Bei
1058 2188 1132 2240 dieſer
1154 2188 1324 2241 Gelegenheit
1354 2189 1474 2241 erlauben
1504 2189 1539 2241 wir
1565 2190 1620 2242 uns,

918 2218 1007 2270 Jhnen
1034 2218 1071 2270 die
1110 2218 1287 2271 Supplemente
1318 2219 1359 2271 auf
1390 2219 1555 2272 Druckpapier
1574 2220 1619 2272 und

941 2257 1269 2310 Maſchinen⸗Velinpapier,
1297 2258 1337 2310 zur
1369 2258 1385 2310 L.
1405 2258 1449 2310 und
1473 2258 1493 2310 2.
1529 2258 1621 2311 Auflage

919 2293 954 2345 des
992 2293 1192 2346 Univ.-Lexikons
1226 2294 1364 2346 gehorend,
1399 2294 1433 2346 ins
1468 2294 1618 2347 Gedaͤchtniß

916 2323 1127 2375 zuruͤckzurufen,
1153 2323 1199 2376 von
1222 2324 1295 2376 denen
1318 2324 1353 2376 die
1376 2324 1506 2376 fehlenden
1541 2324 1618 2377 Baͤnde

927 2363 1008 2415 wieder
1031 2363 1203 2416 nachgedruckt
1226 2364 1284 2416 ſind.

998 2391 1144 2443 Altenburg,
1169 2391 1199 2444 im
1244 2392 1282 2444 Mai
1303 2392 1374 2444 1856.

1077 2429 1307 2482 Verlagshandlung
1348 2430 1377 2482 H.
1419 2430 1440 2482 A.
1473 2430 1586 2483 Pierer.

983 2516 993 2562 E
1553 2517 1563 2564 e

949 2559 1039 2603 chrift
1075 2559 1123 2603 tir
1147 2559 1351 2604 homoopath.
1399 2560 1465 2604 linik

919 2608 940 2652 st
967 2608 1008 2652 pro
1047 2608 1064 2652 I.
1107 2608 1204 2653 Luartal
1235 2609 1304 2653 1856.
1363 2609 1400 2653 Vir
1423 2609 1516 2653 bitten,
1595 2610 1620 2654 be

914 2645 944 2689 ceh
973 2645 1112 2689 desongere
1164 2646 1277 2690 mstande
1303 2646 1512 2690 herbeigeführte
1600 2647 1608 2691 2

921 2679 994 2723 erung
1034 2679 1064 2723 des
1119 2679 1266 2724 rsoneinens
1291 2680 1376 2724 dieser
1412 2680 1515 2724 Nummer

910 2714 987 2758 lionst
1027 2714 1038 2758 u
1064 2714 1280 2759 ensouulligen,
1306 2715 1354 2759 und
1376 2715 1511 2759 bemerkcen

917 2750 990 2794 eitig,
1028 2750 1067 2794 ass
1094 2750 1128 2794 ie
1155 2751 1320 2795 rortsetzung
1343 2751 1428 2795 dieser
1451 2751 1512 2795 Zeit-

926 2785 1002 2829 unter
1026 2785 1078 2829 dem
1126 2785 1170 2830 Itet
1190 2786 1282 2830 ,,Neue
1306 2786 1454 2830 Zeitschrift
1478 2786 1514 2830 für

926 2820 1038 2864 atiscne
1078 2820 1170 2865 Klini'
1194 2821 1218 2865 be
1258 2821 1302 2865 den
1354 2821 1430 2865 erren
1446 2821 1470 2865 C.
1506 2821 1510 2865 .
1550 2822 1586 2866 ſer
1614 2822 1618 2866 C

927 2855 951 2899 ld
984 2855 987 2899 &
1034 2855 1114 2899 õöinen
1141 2855 1164 2900 in
1191 2856 1304 2900 Lresden
1327 2856 1608 2901 erscheint.Abſo

970 2895 990 2939 u,
1014 2895 1053 2939 26.
1091 2895 1125 2939 Mai
1149 2895 1222 2940 185b.

1216 2932 1340 2976 oriler
1410 2932 1476 2976 at.

962 1017 977 1075 c.
1020 1017 1088 1075 Preis
1122 1018 1151 1076 10
1185 1018 1233 1076 Sg
1257 1018 1306 1076 mit
1345 1018 1369 1076 4,
1398 1018 1461 1076 baar
1485 1019 1596 1077 mit''

940 1908 952 1954 t
976 1908 984 1954 o
1036 1908 1224 1955 oppelbanden,
1244 1909 1268 1955 iſt
1292 1909 1336 1955 uns
1360 1909 1400 1955 der
1424 1909 1452 1955 IJ.
1476 1909 1516 1955 und

926 1941 968 1987 and
1001 1941 1189 1988 ausgegangen.
1252 1942 1297 1988 Eine
1327 1942 1385 1988 neue
1427 1942 1523 1988 Auflage

1394 1976 1401 2022 m
1629 1977 1637 2023 m

1669 324 1773 372 [6843.]
1815 324 1848 372 Jn
1898 324 2027 373 Körner's
2061 325 2144 373 Verlag
2177 325 2202 373 in
2236 325 2315 373 Erfurt
2340 325 2374 374 er⸗

1704 358 1797 406 ſchien:

1680 402 1693 464 r,
1743 402 1765 464 M.
1788 402 1833 464 G.,
1860 402 1981 465 evangel.
2018 403 2279 465 Choral⸗Melodien⸗

1671 444 1692 506 h.
1717 444 1728 506 2
1764 444 1857 506 Theile.
1878 444 1903 506 3.
1934 444 1997 507 Aufl.
2012 445 2017 507 à
2043 445 2115 507 3.

1674 484 1730 546 yer,
1776 484 1963 547 vollſtaͤndiges
2014 485 2215 547 Choralbuch
2262 485 2280 547 f.

1675 529 1772 591 kathol.
1810 529 1893 591 Kirche.
1922 529 1941 591 3
2009 530 2018 592 .

1664 569 1747 631 ,M.,
1766 569 1848 631 vierſt.
1872 569 1974 632 Choraͤle
1993 570 2012 632 f.
2032 570 2167 632 gemiſchte
2196 570 2278 632 Choͤre.

1691 612 1748 674 Sg.

1687 659 1780 725 Nitter,
1817 659 1842 725 A.,
1870 659 2060 726 vollſtaͤndiges
2098 660 2249 726 Choralbuch
2282 660 2297 726 f.
2326 660 2370 727 Or⸗

1706 700 1757 766 gel-
1781 700 1827 766 und
1865 700 2066 767 Clavierſpieler.
2094 701 2136 767 Op.
2159 701 2206 767 28.
2229 701 2243 767 2
2322 701 2332 767 .

1674 740 1786 806 Topfer,
1805 740 1833 806 J.
1856 740 1903 806 G.,
1926 740 2099 807 allgemeines
2127 741 2150 807 u.
2178 741 2365 808 vollſtaͤndiges

1721 785 1895 851 Choralbuch,
1916 785 2085 852 vierſtimmig
2116 786 2142 852 u.
2163 786 2207 852 mit
2228 786 2367 853 doppelten

1709 827 1957 893 Zwiſchenſpielen.
1976 827 2015 894 3
2073 828 2082 894 .

1691 861 1705 927 —
1741 861 1903 927 theoretiſch⸗
1921 861 2056 928 practiſche
2105 862 2366 929 Organiſtenſchule.

1716 913 1721 979 1
1804 913 1815 979 .

1667 1007 1767 1059 [6844.]
1817 1007 1850 1059 Als
1884 1007 2050 1060 Supplement
2071 1008 2100 1060 zu
2121 1008 2209 1060 allen
2242 1008 2368 1061 Ausgaben

1701 1045 1745 1097 von
1761 1045 1781 1097 ,,
1801 1045 2061 1098 Shakeſpeare's
2089 1046 2237 1098 Werken''
2261 1046 2365 1099 empfeh⸗

1643 1080 1738 1132 ,len
1769 1080 1804 1132 wir
1830 1080 1869 1132 das
1896 1080 1919 1132 in
1946 1080 2057 1133 unſerem
2091 1081 2191 1133 Verlage
2218 1081 2364 1134 erſchienene

1709 1116 1795 1168 Werk:

1675 1155 1805 1207 Sillig,
1850 1155 1880 1207 P.
1935 1155 1980 1208 H.,
2030 1156 2190 1208 William
2240 1156 2365 1209 Shake—

1705 1204 1836 1256 ſpeare,
1867 1204 1935 1256 ſein
1971 1204 2088 1257 Leben,
2124 1205 2219 1257 ſeine
2255 1205 2368 1258 Werke

1708 1245 1732 1297 u.
1750 1245 1844 1297 ſeine
1867 1245 1951 1297 Zeit.
2007 1246 2058 1298 Nach
2091 1246 2142 1298 Ph.
2170 1246 2315 1298 Chasles
2338 1246 2366 1299 u.

1705 1285 1737 1337 F.
1770 1285 1915 1337 Guizot.
1966 1285 2008 1338 Ein
2045 1286 2297 1338 Ergaͤnzungsband
2335 1286 2368 1339 zu

1703 1327 1771 1379 allen
1802 1327 1938 1379 Ausgaben
1950 1327 2001 1380 von
2018 1328 2221 1380 Shakeſpeare's
2247 1328 2365 1381 Werken.

1710 1369 1750 1421 16.
1770 1369 1830 1421 geh.
1855 1369 1860 1421 1
1915 1369 1925 1421 .

1741 1415 1779 1467 Auf
1808 1415 1829 1467 12
1866 1415 1929 1467 Expl.
1946 1415 1996 1468 eins
2016 1416 2071 1468 frei.
2112 1416 2146 1468 Jn
2183 1416 2296 1468 Rechnung
2317 1416 2362 1469 mit

1660 1450 1682 1502 25
1764 1450 1860 1502 Rabatt,
1886 1450 1942 1502 baar
1968 1450 2011 1503 mit
2033 1451 2055 1503 33
2167 1451 2258 1503 Rabatt.

1730 1495 1838 1547 Leipzig,
1864 1495 1895 1547 im
1942 1495 1977 1547 Mai
2003 1496 2072 1548 1856.

1959 1530 1992 1582 che
2025 1530 2230 1582 Buchhandlung.

1640 1630 1663 1684 .]
1703 1630 1744 1684 Jn
1771 1630 1807 1684 der
1852 1630 1991 1685 Voßiſchen
2027 1631 2271 1685 Sort.-Buchhdlg.

1669 1664 1789 1718 Strikker)
1814 1664 1839 1718 in
1869 1664 1952 1718 Berlin
1973 1664 2077 1719 erſchien
2098 1665 2198 1719 ſoeben:

1650 1707 1687 1761 uch
1715 1707 1752 1761 der
1790 1707 1906 1761 Artillerie
1930 1707 1972 1761 fuͤr
2000 1708 2093 1762 Preuß.
2131 1708 2266 1762 Avancirte

1646 1755 1680 1809 ſer
1716 1755 1815 1809 Waffe,
1842 1755 1890 1809 mit
1917 1755 1927 1809 6
1954 1755 2184 1810 Figurentafeln,
2216 1756 2268 1810 von

1653 1797 1757 1851 Oelze.
1783 1797 1897 1851 Fuͤnfte,
1909 1797 1960 1851 ſehr
1977 1797 2122 1852 vermehrte
2139 1798 2189 1852 und
2211 1798 2266 1852 ver⸗

1635 1841 1707 1895 ſſerte
1743 1841 1860 1895 Auflage,
1882 1841 1936 1895 nach
1963 1841 2022 1896 dem
2049 1842 2107 1896 Tode
2134 1842 2175 1896 des
2206 1842 2265 1896 Ver⸗

1646 1884 1694 1938 ſers
1724 1884 1785 1938 zum
1811 1884 1910 1938 dritten
1962 1884 2014 1939 Male
2045 1885 2266 1939 herausgegeben

1642 1925 1655 1979 n
1685 1925 1833 1979 Herman
1867 1925 2045 1980 Schinckel,
2084 1926 2267 1980 Hauptmann

1656 1969 2077 2024 Garde⸗Artillerie⸗Regiment.
2138 1970 2203 2024 Preis
2237 1970 2268 2024 in

1649 2011 1745 2065 nwand
1766 2011 1909 2065 dauerhaft
1927 2011 2070 2066 gebunden
2091 2012 2096 2066 1
2152 2012 2174 2066 ſ,
2195 2012 2260 2066 netto

1684 2054 1693 2108 5
1729 2054 1788 2108 Sg.
1833 2054 1900 2108 Kann
1923 2054 1972 2108 nur
1995 2055 2040 2109 feſt
2058 2055 2116 2109 oder
2139 2055 2202 2109 baar
2225 2055 2265 2109 ge—

1654 2100 1683 2154 en
1716 2100 1819 2154 werden.

1667 2152 1718 2206 rner
1740 2152 1768 2206 iſt
1802 2152 1883 2206 wieder
1913 2152 2017 2207 Vorrath
2047 2153 2106 2207 von:

1669 2196 1727 2250 eck,
1754 2196 1790 2250 G.
1817 2196 1849 2250 v.,
1871 2196 2011 2251 Grundriß
2047 2197 2088 2251 der
2128 2197 2259 2251 Kriegsge—

1709 2244 1714 2300 ,
1745 2244 1786 2300 ein
1817 2244 1952 2301 Handbuch
1984 2245 2024 2301 fuͤr
2051 2245 2096 2301 das
2128 2245 2263 2302 Studium

1705 2284 1742 2340 en.
1784 2284 1850 2340 Preis
1882 2284 1887 2340 1
1957 2285 2004 2341 mit
2050 2285 2060 2341 .

1707 2361 1799 2419 Soeben
1835 2361 1939 2419 erſchien
1967 2361 2003 2420 bei
2027 2362 2071 2420 uns
2099 2362 2123 2420 in
2143 2362 2263 2420 eilfter

1655 2404 1710 2462 age,
1743 2404 1791 2462 wird
1820 2404 1875 2462 aber
1904 2404 1945 2462 nur
1974 2404 2014 2463 auf
2047 2405 2187 2463 Verlangen
2213 2405 2260 2463 ver—

1649 2442 1684 2500 et:

1649 2477 1667 2535 r,
1691 2477 1728 2535 H.,
1747 2477 2260 2536 Clavier-SchulefuͤrKinder,

1641 2525 1645 2583 t
1667 2525 1819 2583 beſonderer
1858 2525 1971 2583 Ruͤckſicht
1992 2526 2040 2584 auf
2053 2526 2131 2584 einen
2153 2526 2257 2584 leichten

1640 2569 1645 2627 d
1666 2569 1793 2627 langſam
1813 2569 2049 2628 fortſchreitenden
2078 2570 2253 2628 Stufengang

1651 2611 1750 2669 rbeitet.
1805 2611 1866 2669 Erſte
1903 2611 2072 2670 Abtheilung.
2118 2612 2156 2670 11.
2193 2612 2254 2670 Aufl.

1664 2653 1694 2711 Sg
1729 2653 1789 2711 oder
1809 2653 1819 2711 1
1839 2653 1869 2711 fl.
1889 2653 1919 2711 30
1944 2653 1979 2712 kr.

1647 2692 1759 2750 eſſelben
1807 2692 1907 2750 Werkes
1946 2692 2033 2751 zweite
2089 2693 2254 2751 Abtheilung.

1680 2741 1740 2799 Aufl.
1770 2741 1775 2799 1
1850 2741 1905 2799 oder
1930 2741 1940 2799 1
1960 2741 1990 2800 fl.
2015 2742 2035 2800 45
2065 2742 2100 2800 kr.

1736 2779 1780 2837 Die
1806 2779 1957 2837 vorzuͤgliche
1996 2780 2183 2838 Brauchbarkeit
2209 2780 2252 2838 die⸗

1638 2818 1818 2876 avier⸗Schule
1834 2818 1858 2876 iſt
1874 2818 1990 2877 bekannt.
2034 2819 2074 2877 Bei
2098 2819 2194 2877 Ausſicht
2214 2819 2254 2877 auf

1657 2855 1737 2913 ſtehen
1772 2855 1802 2913 Ex.
1829 2855 1833 2913 a
1871 2855 1940 2913 Cond.
1960 2855 1986 2914 zu
2021 2856 2140 2914 Dienſten.

1657 2906 1783 2964 tuttgart·

1767 2926 1939 2968 ,erger'ſche
1970 2927 2218 2969 Verlagshandlung.
