2771 3302
380 232 455 269 988

1048 222 1254 271 Börſenblatt
1273 223 1326 271 für
1340 222 1399 260 den
1418 221 1574 271 deutſchen
1590 221 1802 271 Buchhandel.

2189 227 2238 261 N
2258 230 2307 269 69,
2330 229 2379 260 30.
2398 223 2481 261 Mat.

332 350 434 383 [6824.]
465 348 592 380 Nachdem
611 349 654 374 der
672 348 696 371 2.
712 343 824 371 Abdruck
836 344 881 370 der
898 345 929 369 15
944 344 1043 374 Tafeln

334 392 402 412 von:

352 416 498 467 Becker,
511 417 572 459 der
579 413 769 466 feuerfeſte
775 413 1022 463 Treppenbau

332 470 412 504 fertig
432 470 566 503 geworden
585 468 625 500 iſt,
644 468 669 498 ſo
686 464 738 496 ſind
758 464 955 498 ſaͤmmtlich
948 464 960 504 e
974 465 1042 492 Ver⸗

332 506 487 538 langzettel,
506 504 596 535 welche
616 504 666 528 aus
688 500 798 534 Mangel
816 508 848 527 an
868 500 1042 531 Exemplaren

333 539 507 574 zuruͤckgelegt
532 544 635 568 waren,
664 534 764 567 heute
790 536 902 569 erpedirt
928 536 1040 569 worden.

332 577 390 603 Der
410 575 510 607 Schluß
532 575 576 600 des
596 572 692 600 Textes
718 572 782 598 wird
805 572 840 598 im
860 570 943 598 Druck
962 569 1041 602 ohne

333 609 601 640 Unterbrechung
628 605 772 640 geföͤrdert;
800 607 910 638 derſelbe
930 604 960 637 iſt
981 604 1042 631 aber

332 654 434 680 gegen
466 644 514 671 die
545 641 622 672 erſte
654 642 868 675 Berechnung
901 640 1041 667 bedeutend

330 679 506 713 vermehrt
524 677 634 703 worden.
668 678 720 705 Die
739 676 894 711 zahlreichen
916 674 1040 708 Subſcri⸗

330 717 426 744 benten
453 712 562 740 erleiden
585 711 672 739 keinen
693 711 831 745 Nachtheil
858 712 908 738 und
938 711 1040 738 werden

331 751 376 783 für
398 750 438 776 die
464 749 546 773 etwas
570 746 668 779 ſpaͤtere
689 747 860 780 Beendigung
880 747 925 773 des
944 752 1042 779 ganzen

333 785 442 813 Werkes
462 782 594 814 dadurch
611 781 765 816 hinlaͤnglich
784 780 950 815 entſchaͤdigt.

646 825 896 858 Hochachtungsvoll

404 868 510 902 Berlin,
528 870 574 896 den
591 871 634 896 25.
654 870 716 897 Mai
736 870 812 895 1856.

738 902 878 940 Riegel's
896 904 1008 937 Verlag.

338 973 440 1007 (6825.]
472 974 512 1003 In
532 973 638 1000 meinem
652 973 767 1005 Verlage
788 971 926 1003 erſcheinen
940 970 1043 1002 ſoeben:

670 1014 722 1041 Die

336 1053 557 1099 Entwicklung
577 1057 629 1088 der
646 1051 755 1099 Sächſ.
776 1048 1046 1097 Landwirthſchaft

395 1107 431 1137 in
455 1107 517 1135 den
541 1103 684 1140 Jahren
709 1098 986 1130 1845
836 1098 858 1140 —
874 1098 986 1130 1854.

341 1149 491 1186 Amtlicher
512 1145 625 1183 Bericht
656 1154 694 1175 an
719 1146 770 1175 das
797 1141 912 1181 Koͤnigl.
941 1140 1042 1180 Saͤchſ.

335 1191 534 1229 Miniſterium
559 1190 604 1219 des
621 1187 742 1230 Innern
766 1187 884 1225 erſtattet
906 1194 962 1218 von
984 1182 1044 1217 dem

338 1233 518 1267 Gen.⸗Secr.
542 1234 586 1264 der
604 1233 707 1264 landw.
726 1230 848 1262 Vereine
866 1228 940 1269 Geh.
957 1229 1044 1269 Reg.⸗

510 1277 589 1313 Rath
614 1277 662 1304 Dr.
680 1274 865 1313 Reuning.

368 1328 407 1354 gr.
422 1320 447 1346 8.
478 1320 511 1344 14
530 1319 638 1352 Bogen,
667 1318 730 1350 eleg.
755 1314 812 1349 geh.
850 1316 928 1348 Preis
949 1315 962 1339 1
976 1315 1009 1345 f.

404 1355 456 1382 Bei
482 1356 537 1381 dem
562 1354 650 1386 Rufe,
678 1353 760 1385 deſſen
785 1351 828 1384 ſich
854 1352 893 1378 die
920 1349 1044 1384 ſaͤchſiſche

334 1389 565 1424 Landwirthſchaft
576 1389 634 1420 auch
647 1389 682 1415 im
694 1388 826 1415 Auslande
839 1387 946 1419 erfreut,
958 1384 1044 1417 duͤrfte

335 1428 414 1460 dieſer
424 1425 578 1459 Amtliche
591 1424 726 1455 Bericht
740 1423 799 1454 auch
811 1421 952 1457 außerhalb
960 1421 1062 1453 Sach⸗

336 1466 393 1495 ſens
418 1463 483 1489 viele
502 1459 603 1492 Kaͤufer
621 1459 720 1492 finden:
746 1460 824 1485 unter
848 1458 964 1484 landw.
985 1455 1063 1484 Be⸗

334 1497 477 1531 hoͤrden,
511 1493 829 1525 Staatsmaͤnnern,
861 1492 1045 1520 National⸗

335 1532 533 1564 ökonomen,
563 1529 785 1561 Statiſtikern
804 1535 838 1555 ꝛe.

558 1604 824 1650 Bericht

634 1654 696 1681 uͤber
715 1654 754 1680 die

338 1692 602 1737 Verhandlungen
625 1695 678 1727 der
702 1691 828 1736 zweiten
856 1688 1049 1734 allgemeinen

400 1744 640 1795 Verſammlung
660 1742 770 1791 Bächſ.
791 1741 986 1789 Landwirthe

336 1810 375 1839 zu
407 1798 564 1836 Bautzen
594 1806 646 1828 am
663 1795 734 1871 955
757 1804 786 1827 u.
813 1794 866 1826 16.
891 1793 1049 1827 October

638 1841 654 1871 1

337 1886 577 1926 Herausgegeben
598 1893 664 1917 vom
679 1883 936 1921 landwirthſchaftl.
954 1880 1066 1913 Kreis⸗

340 1932 448 1962 vereine
470 1929 517 1970 fuͤr
538 1931 588 1961 das
609 1927 725 1967 Koͤnigl.
752 1925 856 1965 Saͤchſ.
882 1925 1047 1965 Markgraf⸗

554 1974 636 2011 thum
652 1970 830 2009 Oberlauſitz.

373 2015 397 2040 8.
427 2015 460 2040 20
479 2014 587 2048 Bogen,
616 2014 678 2046 eleg.
701 2011 757 2046 geh.
794 2010 873 2044 Preis
897 2009 932 2035 20
949 2010 1013 2043 N.

409 2049 460 2077 Bei
476 2050 555 2081 dieſer
569 2048 771 2081 Verſammlung
785 2046 874 2074 kamen
888 2045 928 2072 die
942 2045 1048 2077 intereſ⸗

343 2084 466 2116 ſanteſten
498 2086 595 2112 landw.
627 2084 730 2118 Fragen
757 2089 788 2116 zu
813 2080 1050 2114 Verhandlungen,

342 2124 375 2144 an
386 2119 464 2147 denen
476 2121 520 2153 ſich
536 2117 715 2151 Autoritaͤten,
735 2119 784 2145 wie
798 2117 921 2151 Engel,
942 2116 1014 2148 Hau
1023 2116 1050 2142 b⸗

343 2153 419 2216 Hasen
440 2156 618 2190 Reuning,
648 2153 856 2187 Stockhardt
874 2158 926 2184 ꝛc.,
954 2151 1048 2185 bethei⸗

354 2194 434 2219 igten.

418 2221 460 2250 G.
472 2223 668 2258 Schönfeld's
678 2224 779 2257 Buchh.
792 2224 837 2257 (C.
850 2223 880 2249 A.
892 2222 1016 2257 Werner)

623 2262 648 2288 in
667 2262 799 2289 Dresden.

347 2329 447 2364 16826.]
485 2330 538 2358 Bei
561 2336 610 2362 mir
634 2337 740 2369 erſchien
766 2336 872 2368 ſoeben,
899 2336 963 2363 wird
990 2334 1051 2361 aber

379 2373 429 2392 nur
448 2367 495 2397 auf
510 2366 656 2403 Verlangen
677 2373 804 2405 expedirt:

344 2411 424 2449 Huß,
440 2410 486 2439 Dr.
499 2407 560 2444 M.,
574 2411 708 2452 Statiſtik
720 2419 778 2447 und
792 2416 988 2454 Behandlung
1002 2416 1050 2445 des

386 2455 506 2493 Typhus
524 2454 582 2502 und
601 2453 875 2495 Typhoid⸗-Fiebers.
908 2458 974 2489 Aus
989 2459 1050 2488 dem

388 2495 597 2537 Schwediſchen
620 2494 743 2536 uͤberſetzt
764 2509 820 2533 von
844 2503 892 2532 Dr.
916 2499 956 2533 G.
978 2509 1004 2532 v.
1024 2503 1048 2531 d.

386 2537 428 2582 Bu
446 2540 510 2579 ſch.
545 2537 643 2574 broſch.
684 2538 691 2572 1
730 2541 742 2578 œ
766 2544 818 2580 7½
835 2544 898 2582 No/
926 2546 981 2575 ord.
1010 2560 1051 2565 —

386 2586 426 2620 25
440 2585 504 2623 No
520 2584 607 2613 netto.

343 2631 472 2670 Nohlfs,
496 2627 541 2656 Dr.
556 2622 617 2672 H.,
634 2619 872 2672 Gemeinfaßliche
893 2628 1049 2667 Heilkunde

382 2676 428 2717 fuͤr
450 2667 685 2712 Schiffsoffiziere
706 2664 781 2713 nebſt
802 2668 874 2698 einer
890 2670 1048 2710 Anleitung

383 2730 447 2761 zum
464 2712 628 2751 Gebrauche
645 2710 690 2739 der
702 2701 984 2761 Schiffsapotheken,
1008 2714 1050 2745 be⸗

382 2765 530 2797 vorwortet
558 2765 613 2790 von
637 2752 672 2786 A.
697 2749 899 2797 Breuſing,
920 2752 1050 2793 Naviga⸗

382 2808 548 2845 tionslehrer
556 2805 586 2835 in
595 2800 733 2833 Bremen.
752 2790 818 2824 Mit
832 2792 852 2821 7²
884 2795 914 2823 in
921 2796 971 2826 den
984 2796 1052 2833 Tert

384 2847 541 2896 gedruckten
554 2837 776 2891 Holzſchnitten.
803 2834 928 2874 Elegant
943 2838 973 2867 in
986 2838 1051 2869 Cal⸗

385 2898 436 2926 lico
454 2893 514 2934 geb.
564 2889 594 2932 15
614 2888 654 2919 10
668 2884 732 2923 No
748 2881 804 2913 ord.
830 2895 871 2898 —
894 2879 907 2907 1
965 2885 1050 2911 netto.

618 2940 662 2964 24.
681 2932 744 2963 Mai
765 2927 843 2956 1856.

412 2942 534 2975 Bremen,
554 2942 600 2968 den
718 2935 868 3008 Heinrich
886 2934 1018 2994 Strack.

1078 343 1178 377 (6827.]
1219 342 1306 376 Ihren
1326 341 1488 374 Abnehmern
1510 343 1553 368 der
1578 340 1783 375 „Deutſchen

1112 378 1307 411 Claſſiker“
1329 376 1484 409 (Cotta'ſche
1497 377 1595 409 Buchh.
1616 378 1643 403 in
1657 377 1782 409 Stuttg.)

1112 413 1196 440 bitten
1207 413 1256 440 wir
1274 414 1316 439 als
1331 413 1491 445 Fortſetzung
1508 420 1538 446 zu
1553 411 1718 444 uͤberſenden,
1733 411 1782 437 und

1112 448 1196 482 ſtehen
1213 449 1318 481 Explre.
1338 448 1364 474 in
1386 446 1522 481 beliebiger
1540 446 1642 481 Anzahl
1658 447 1673 472 à
1687 445 1782 473 Condi⸗

1112 485 1168 511 tion
1184 491 1215 517 zu
1234 482 1372 515 Dienſten:

1078 519 1269 561 Geſammelte
1299 519 1398 551 Werke
1432 519 1478 549 des
1506 517 1618 558 Grafen
1646 517 1785 557 Au
1705 517 1741 561 gu
1754 517 1785 561 ſt

1120 573 1188 595 von
1210 564 1367 600 Platen.
1406 560 1434 591 6.
1468 571 1496 592 u.
1523 563 1552 592 7.
1594 561 1652 592 Bd.
1684 560 1722 592 A.
1753 570 1782 592 u.

1120 610 1144 638 d.
1163 606 1216 638 T.:
1248 605 1402 643 Poetiſcher
1417 605 1476 634 und
1492 605 1680 642 litterariſcher
1691 603 1784 641 Nach⸗

1120 652 1163 687 laß
1181 652 1228 680 des
1246 647 1359 686 Grafen
1378 645 1490 684 Auguſt
1502 654 1558 678 von
1575 646 1693 683 Platen.
1726 644 1783 677 Ge⸗

1120 694 1249 731 ſammelt
1264 700 1293 721 u.
1314 688 1538 729 herausgegeben
1556 697 1612 720 von
1629 689 1786 728 Johannes

1119 734 1283 771 Minckwitz.
1319 733 1336 762 2
1360 731 1433 762 Bde.
1468 731 1517 762 16.
1550 731 1568 761 5
1596 731 1692 771 Efgrn.
1724 733 1784 771 geh.

1121 777 1162 808 20
1178 777 1251 815 No.

1148 819 1203 851 Auf
1220 818 1252 843 12
1276 816 1382 848 Erplre.
1404 814 1460 840 eins
1488 815 1548 845 frei.
1586 815 1627 844 In
1647 814 1786 849 Rechnung

1078 855 1128 881 mit
1146 854 1176 879 25
1190 848 1216 885 90
1234 851 1354 881 Rabatt,
1374 849 1438 875 baar
1456 849 1504 875 mit
1520 848 1584 882 33½½
1593 848 1622 882 90
1640 849 1752 876 Rabatt.

1150 887 1301 921 Leipzig,
1316 886 1352 912 im
1372 884 1435 910 Mai
1455 884 1532 911 1856.

1386 916 1517 952 Dyk'ſche
1535 918 1752 953 Buchhandlung.

1080 972 1183 1026 Zur
1202 988 1340 1019 erneuten
1358 986 1562 1025 Verwendung
1578 987 1760 1025 empfohlen!

1060 1039 1185 1095 lssꝛs.]
1223 1040 1355 1083 Worte
1383 1046 1442 1081 des
1466 1039 1657 1094 Heilandes

1419 1104 1452 1123 an

1302 1130 1576 1172 Chriſtenkinder.

1060 1179 1153 1218 Eine
1172 1179 1302 1219 Feſtgabe
1317 1180 1347 1209 in
1367 1177 1525 1216 ſiebenzehn
1541 1176 1790 1217 Kinderpredigten

1060 1220 1062 1236 ö
1414 1225 1458 1243 von

1328 1250 1547 1289 Frauenhand.

1060 1296 1062 1333 ö
1269 1298 1338 1329 Nach
1354 1298 1410 1324 dem
1429 1296 1591 1330 Engliſchen.

1060 1342 1189 1383 Zweite,
1202 1344 1251 1371 mit
1266 1343 1366 1377 einigen
1378 1341 1480 1368 Liedern
1494 1338 1639 1373 vermehrte
1657 1340 1790 1374 Ausgabe.

1108 1381 1149 1407 32.
1190 1380 1253 1413 eleg.
1271 1377 1326 1413 geh.
1345 1377 1380 1404 35
1406 1376 1436 1438 S
1494 1375 1577 1409 .
1594 1376 1611 1401 8
1624 1375 1680 1410 S0
1700 1379 1765 1409 ord.,

1358 1413 1374 1439 6
1399 1413 1431 1445 S
1471 1418 1511 1438 no.

1139 1450 1201 1476 NXB.
1239 1447 1341 1477 Baar:
1362 1449 1379 1475 6
1396 1444 1533 1480 Exempl.
1549 1441 1598 1479 für
1618 1444 1634 1473 1
1646 1443 1732 1478 Thlr.

1148 1486 1241 1518 Dieſes
1271 1485 1376 1517 Anfang
1393 1482 1534 1510 December
1552 1487 1576 1508 v.
1588 1481 1618 1511 J.
1641 1480 1793 1513 erſchienene

1062 1519 1209 1553 Büchlein
1235 1518 1266 1552 iſt
1294 1518 1376 1553 hoͤchſt
1402 1519 1465 1551 eleg.
1496 1516 1672 1550 ausgeſtattet
1694 1524 1719 1543 u.
1746 1516 1794 1543 mit

1062 1554 1164 1599 einem
1183 1554 1342 1589 Holzſchnitt
1361 1553 1420 1584 nach
1440 1552 1571 1585 Ludwig
1592 1551 1727 1583 Richter
1752 1558 1793 1585 ge⸗

1062 1590 1209 1623 ſchmückt.

1222 1624 1314 1658 Ferd.
1333 1621 1529 1652 Dümmler's
1548 1620 1756 1654 Verlagsbuchh.

1064 1669 1066 1704 ö
1420 1659 1446 1685 in
1466 1657 1571 1684 Berlin.

1064 1727 1186 1767 (6829.]
1226 1728 1262 1758 Zu
1282 1724 1485 1761 Feſtgeſchenken
1510 1725 1581 1757 jeder
1600 1724 1651 1750 Art
1677 1724 1794 1751 verdient

1065 1764 1230 1798 empfohlen
1246 1770 1277 1797 zu
1297 1763 1413 1789 werden:

1202 1808 1354 1856 Worte
1376 1810 1449 1853 des
1474 1807 1678 1862 Herzens

1417 1871 1467 1892 von

1314 1901 1352 1937 J.
1367 1900 1407 1932 C.
1426 1899 1559 1931 Lavater.

1064 1949 1152 1998 Für
1161 1949 1302 1995 Freunde
1314 1946 1366 1983 der
1375 1945 1464 1993 Liebe
1477 1948 1539 1980 und
1552 1948 1605 1981 des
1615 1943 1794 1981 Glaubens.

1328 1990 1552 2035 Herausgegeben

1416 2039 1460 2066 von

1064 2073 1067 2094 ö
1294 2069 1329 2092 C.
1353 2069 1386 2092 W.
1406 2067 1585 2095 Hufeland.

1066 2102 1473 2137 Miniatur⸗Ausgabe.
1519 2100 1558 2133 (9.
1583 2100 1671 2134 Aufl.,
1703 2099 1796 2133 1855.)

1065 2139 1066 2143 ö
1215 2140 1290 2173 Eleg.
1312 2137 1367 2173 geh.
1387 2139 1420 2163 12
1437 2138 1498 2171 Ny,
1519 2142 1544 2162 n.
1560 2135 1577 2161 9
1596 2136 1666 2170 Ny;

1120 2177 1147 2204 in
1167 2177 1235 2210 engl.
1258 2174 1379 2202 Einband
1400 2174 1450 2200 mit
1468 2171 1631 2203 Goldſchnitt
1651 2172 1684 2197 20
1697 2171 1761 2205 N,

1363 2217 1388 2236 n.
1406 2210 1438 2235 15
1454 2208 1518 2240 Nge.

1156 2246 1271 2273 Baar:
1292 2245 1308 2270 6
1329 2244 1446 2278 Exempl.
1466 2241 1510 2277 fuͤr
1555 2242 1579 2272 15
1598 2242 1630 2267 15
1645 2242 1710 2275 Ngl,
1730 2242 1795 2274 reſp.

1065 2283 1134 2319 25
1153 2283 1184 2307 15
1202 2281 1267 2315 N.

1085 2315 1366 2350 Octavausgabe.
1414 2315 1458 2348 (8.
1478 2310 1570 2344 Aufl.)
1622 2312 1682 2339 Mit
1715 2312 1795 2339 Lava⸗

1065 2355 1151 2389 ter's
1170 2353 1295 2385 Portrait
1320 2351 1370 2378 und
1399 2347 1630 2381 Widmungsblatt
1652 2348 1679 2375 in
1696 2347 1796 2381 Stahl⸗

1066 2389 1158 2422 ſtich;
1181 2389 1208 2415 in
1237 2388 1304 2421 engl.
1330 2386 1451 2413 Einband
1477 2383 1526 2411 mit
1546 2383 1709 2416 Goldſchnitt
1735 2384 1746 2409 1
1767 2388 1795 2417 H,

1340 2429 1366 2448 n.
1388 2420 1456 2456 22½
1479 2420 1542 2453 N.

1155 2457 1438 2490 Baar:
1280 2454 1296 2490 6
1315 2457 1433 2490 Exempl.
1458 2454 1502 2490 fuͤr
1519 2454 1577 2484 4½.

1065 2493 1378 2531 Prachtausgabe.
1416 2492 1471 2526 (10.
1497 2488 1583 2521 Aufl.)
1626 2488 1700 2515 1856.
1739 2488 1798 2515 Mit

1065 2532 1155 2562 einer
1162 2529 1326 2564 Biographie
1339 2528 1391 2555 L.'s
1400 2534 1451 2555 von
1459 2527 1490 2553 A.
1502 2523 1695 2557 Krummacher,
1704 2524 1797 2555 ſeinem

1085 2566 1226 2599 Portrait,
1241 2565 1268 2592 in
1300 2564 1444 2598 Stahlſtich
1481 2569 1508 2588 u.
1544 2555 1797 2604 Farbendrucktitel;

1084 2603 1112 2629 in
1132 2602 1200 2635 engl.
1221 2601 1341 2628 Einband
1360 2601 1409 2627 mit
1429 2595 1594 2628 Goldſchnitt
1620 2595 1625 2619 1
1681 2595 1713 2621 15
1732 2595 1796 2629 N/

1322 2644 1347 2662 n.
1370 2637 1412 2667 15
1430 2635 1445 2660 31
1495 2632 1560 2664 N.

1154 2671 1262 2699 Baar:
1282 2672 1298 2698 6
1315 2671 1433 2703 Exempl.
1453 2671 1496 2701 fuͤr
1518 2668 1530 2692 6
1544 2667 1570 2697 f.

1085 2707 1257 2739 Miniatur⸗
1280 2710 1337 2738 und
1360 2701 1622 2740 Oetav⸗Ausgabe
1652 2709 1707 2732 nur
1730 2700 1794 2737 noch

1130 2793 1362 2827 Aſſortirung
1383 2799 1454 2827 zum
1473 2788 1686 2821 Baarpreiſe
1706 2793 1756 2813 von

1361 2836 1402 2855 no.
1421 2829 1436 2855 5
1453 2828 1465 2858 5
1486 2828 1524 2854 ab.

1156 2861 1318 2893 Inſerate
1337 2868 1386 2889 von
1406 2865 1436 2896 5,
1457 2864 1520 2895 reſp.
1546 2860 1592 2893 8½
1620 2865 1661 2886 no.
1691 2855 1722 2883 ab
1753 2855 1800 2886 auf

1088 2894 1166 2928 halb
1180 2903 1206 2926 e,
1224 2897 1288 2935 reſp.
1306 2904 1404 2931 ganze
1423 2897 1526 2930 Koſten.

1158 2930 1264 2957 Berlin.

1820 341 1919 382 16830.]
1958 342 2006 372 Im
2021 339 2279 375 Verlagsbureau
2292 343 2319 370 in
2333 344 2430 369 Altona
2445 340 2474 373 iſt
2492 345 2528 365 er⸗

1852 377 1962 444 ſandt:
1988 379 2038 403 und
2066 377 2130 403 wird
2158 385 2207 403 nur
2232 379 2278 410 auf
2300 378 2451 411 Verlangen
2475 380 2525 401 ver⸗

1864 414 1942 438 andt:

1818 448 2034 487 Flaggencharte
2061 451 2126 480 aller
2154 449 2348 487 ſeefahrenden
2366 449 2523 480 Nationen.

1867 492 1902 522 12
1920 491 1998 530 So,
2015 501 2104 530 gegen
2122 491 2190 522 baar
2208 492 2260 521 mit
2276 491 2357 524 5000.

1906 534 2042 573 Ausgabe
2072 535 2126 565 mit
2158 534 2272 565 breitem
2298 534 2385 565 Rand
2412 534 2450 563 16
2468 529 2527 567 Sh

1949 586 2005 608 nur
2021 578 2086 615 noch
2104 578 2152 616 feſt
2172 578 2233 608 oder
2250 577 2326 607 baar.

1822 619 1932 656 Nickel,
1956 622 2006 650 das
2026 618 2126 658 Ganze
2150 622 2194 651 der
2210 619 2452 656 Schwimmkunſt
2473 617 2528 647 oder

1864 664 1904 702 die
1920 662 2012 700 Kunſt
2035 665 2065 693 in
2087 664 2216 701 wenigen
2235 661 2336 700 Tagen
2356 663 2526 701 ſchwimmen

1864 714 1898 743 zu
1914 708 2018 736 lernen.
2039 705 2067 735 3.
2088 705 2220 744 Auflage.
2239 705 2338 744 broſch.
2361 706 2400 735 10
2409 704 2479 742 Shl.

1824 785 1926 830 (6831.
1966 786 2073 838 Soeben
2094 791 2214 824 erſcheint
2232 792 2258 819 in
2278 793 2386 820 meinem
2399 792 2528 822 Verlage!

1823 828 1901 864 Froh
1929 828 1985 858 und
2016 835 2050 857 in
2070 827 2205 861 Frieden.
2253 827 2382 867 Gedichte
2411 838 2466 860 von

1865 870 2104 908 Kannengießer,
2128 871 2220 904 Paſtor
2242 872 2268 899 in
2288 872 2417 902 Kublank.
2452 869 2526 904 Eleg.

1868 915 1994 952 geheftet.
2012 914 2096 950 Preis
2125 915 2141 952 3
2166 913 2192 954 .

1894 955 1950 981 Alle
1970 955 2087 988 Freunde
2107 957 2150 983 der
2170 956 2259 987 Poeſie
2280 957 2381 983 werden
2402 956 2464 987 dieſe
2480 950 2530 977 Ge⸗

1826 1026 1881 1053 Aus
1902 1026 1956 1051 dem
1974 1026 2074 1061 Herzen
2095 1026 2248 1058 gekommen,
2270 1028 2349 1060 gehen
2368 1027 2400 1060 ſie
2419 1034 2449 1061 zu
2468 1023 2530 1055 Her⸗

1842 1068 1879 1087 en.

1895 1095 2155 1129 Neubrandenburg,
2176 1096 2212 1123 im
2232 1096 2294 1124 Mai
2313 1097 2391 1125 1856.

2256 1131 2286 1160 C.
2308 1129 2497 1161 Brünslow.

1828 1215 1930 1249 [6832.]
1969 1215 2048 1243 Beim
2068 1217 2189 1244 Eintritt
2208 1217 2252 1244 der
2271 1218 2471 1249 Reiſe-Saiſon
2496 1215 2531 1237 er⸗

1826 1252 1918 1278 lauben
1940 1253 1989 1279 wir
2006 1256 2065 1285 uns,
2086 1253 2133 1285 auf
2149 1252 2188 1278 die
2210 1252 2258 1279 mit
2274 1254 2298 1284 ſo
2326 1253 2416 1280 vielem
2436 1241 2531 1279 Beifall

1827 1288 2039 1321 aufgenommene
2058 1288 2178 1321 Schrift:

2152 1322 2222 1361 Der

1826 1377 2052 1435 Nordweſten
2072 1386 2131 1421 des
2157 1379 2364 1433 Thüringer
2384 1377 2532 1421 Waldes

1810 1437 1912 1468 oder
1932 1441 2018 1477 zehn
2039 1437 2138 1478 Tage
2165 1440 2201 1470 in
2230 1440 2366 1479 Ruhla.
2400 1428 2532 1469 Gemaͤlde

1871 1485 1925 1511 aus
1943 1482 2003 1512 dem
2019 1480 2159 1512 Badeorte
2174 1482 2275 1522 Ruhla
2292 1487 2350 1515 und
2364 1484 2461 1522 ſeiner
2479 1475 2530 1504 Um⸗

1871 1523 1982 1563 gebung
2006 1523 2154 1563 Eiſenach,
2184 1524 2416 1566 Wilhelmsthal,
2438 1519 2531 1564 Alten⸗

1872 1566 1955 1604 ſtein,
1972 1566 2152 1605 Liebenſtein,
2172 1563 2340 1609 Inſelsberg
2368 1568 2426 1601 und
2448 1560 2531 1592 Rein“

1872 1610 2065 1647 hardsbrunn.
2077 1609 2135 1641 Ein
2142 1610 2370 1650 Reiſehandbuch
2381 1609 2438 1642 und
2448 1600 2528 1634 Weg⸗

1811 1653 1963 1688 weiſer
1978 1652 2056 1689 nebſt
2072 1653 2146 1683 einer
2168 1653 2360 1692 Reiſe⸗Route
2380 1652 2436 1684 und
2453 1638 2532 1697 Karte

1872 1691 1919 1730 fuͤr
1934 1695 1974 1723 die
1986 1692 2106 1732 uͤbrigen
2122 1693 2218 1733 Theile
2234 1699 2280 1729 des
2298 1698 2426 1730 Waldes.
2450 1681 2530 1725 Preis

1872 1736 1942 1772 22%
1953 1735 2017 1775 So
2040 1738 2106 1773 ord.,
2126 1738 2164 1768 15
2182 1739 2245 1779 Sge
2260 1750 2307 1772 no.

1831 1777 2001 1811 aufmerkſam
2020 1786 2050 1812 zu
2071 1780 2182 1813 machen.

1858 1812 1951 1854 Bei
1967 1813 2150 1848 erheblicheren
2168 1814 2353 1851 Beſtellungen
2374 1797 2533 1860 unterſtägat

1830 1854 1879 1876 wir
1898 1848 1966 1883 Ihre
1984 1849 2176 1886 Bemuͤhungen
2197 1859 2259 1886 gern
2277 1852 2350 1884 durch
2371 1849 2409 1877 ein
2429 1837 2521 1875 Inſera

1832 1885 1878 1917 auf
1896 1888 1970 1919 unſre
1990 1885 2093 1918 Koſten.

1901 1921 2006 1955 Berlin,
2026 1922 2062 1949 im
2081 1922 2144 1949 Mai
2164 1923 2238 1949 1856.

2298 1953 2376 1986 Veit
2394 1950 2422 1979 &
2442 1943 2502 1973 Co·

1832 2026 1933 2060 16833.]
1971 2029 2133 2064 Richter's
2160 2031 2272 2064 innere
2296 2025 2422 2065 Klinik.
2502 2054 2532 2082 In

1900 2078 1956 2104 Auf
1966 2079 2152 2113 mehrseitiges
2167 2079 2322 2113 Verlangen
2336 2075 2402 2101 habe
2413 2068 2455 2096 ich
2468 2067 2501 2103 an

1831 2122 1884 2140 von
1904 2114 1952 2141 der
1968 2114 2088 2142 kürzlich
2108 2114 2283 2141 vollendeten
2302 2114 2328 2140 3.
2348 2106 2462 2142 Auflage
2476 2102 2531 2155 den

1813 2149 1946 2176 Bänden
1965 2150 2133 2184 Exemplare
2147 2150 2246 2176 sauber
2268 2148 2325 2175 und
2350 2141 2420 2171 solid
2434 2138 2481 2163 bin.

1813 2183 1921 2211 lassen
1936 2186 1992 2212 und
2001 2186 2133 2212 berechne
2142 2185 2194 2211 den
2202 2183 2328 2211 Einband
2340 2179 2388 2207 mit
2396 2167 2499 2241 VoSe.

2213 2215 2400 2270 Leohold
2442 2210 2535 2263 —.—

1900 2220 2024 2256 Leipzig.

1905 2293 2124 2342 Hachländer's
2151 2291 2280 2329 Werke.
2317 2280 2469 2327 Complet.

1834 2351 1934 2386 (6834.]
1976 2352 2081 2379 Soeben
2102 2351 2153 2384 ſind
2169 2348 2320 2382 vollſtaͤndig
2342 2338 2490 2376 erſchienen:

1896 2395 1946 2442 F.
1976 2395 2044 2439 W.
2068 2391 2332 2443 Hackländer's
2353 2375 2483 2430 Werke

2037 2447 2064 2473 in
2082 2443 2338 2479 Claſſiker⸗Format.

1918 2491 1982 2523 Mit
1997 2495 2057 2521 dem
2073 2490 2203 2527 Portrait
2220 2490 2266 2519 des
2278 2473 2451 2528 Verfaſſers.
2492 2506 2536 2539 mit

1832 2545 1866 2569 20
1892 2540 1984 2568 Baͤnde
2004 2540 2068 2572 (363
2096 2538 2214 2572 Bogen).
2242 2537 2316 2568 Eleg.
2340 2529 2394 2566 geh.
2421 2523 2450 2549 8

2062 2573 2128 2608 334½
2140 2573 2169 2607 00
2190 2573 2304 2600 Rabatt.

1902 2619 1941 2649 In
1960 2616 2018 2650 feſte
2038 2615 2193 2649 Rechnung:
2214 2613 2308 2648 13/12,
2329 2604 2406 2640 55/50
2425 2598 2469 2626 Er.

2013 2651 2124 2684 Gegen
2144 2652 2236 2677 baar:
2258 2647 2302 2683 7/¾6
2318 2645 2366 2674 Ex.

1904 2696 2007 2729 Compl.
2029 2694 2106 2725 Expl.
2130 2694 2155 2721 in
2176 2694 2209 2720 20
2228 2691 2371 2728 Baͤnden
2352 2691 2371 2729 o

1832 2734 1866 2760 60
1888 2733 1950 2762 Lief.
1975 2730 2057 2763 ſtehen
2082 2729 2108 2755 in
2123 2729 2198 2762 feſte
2224 2727 2364 2760 Rechnung
2384 2723 2412 2750 zu
2433 2740 2480 2773 icht
2500 2736 2534 2760 er⸗

1834 2770 1849 2795 à
1876 2764 2246 2798 Cond.⸗Beſtellungen
2182 2753 2252 2800 kann
2272 2760 2306 2789 ich
2334 2757 2392 2783 aber
2412 2753 2534 2800 noerne

1830 2804 1946 2837 pediren.
1985 2800 2052 2830 Auch
2074 2800 2227 2833 wiederhole
2248 2796 2299 2828 ich,
2322 2789 2370 2821 daß
2391 2781 2470 2844 aicſer
2486 2803 2535 2831 Ge⸗

1833 2841 1979 2867 Romane
2002 2836 2062 2862 und
2084 2836 2304 2867 Lieferungen
2320 2827 2375 2868 aus
2393 2817 2444 2848 dieſ

1833 2869 2044 2905 ſammtausgabe
2059 2871 2148 2902 nicht
2168 2868 2310 2904 abgegeben
2328 2852 2437 2894 werden.

1906 2915 2067 2948 Stuttgart,
2088 2915 2134 2942 den
2154 2915 2196 2941 26.
2216 2910 2278 2939 Mai
2299 2903 2374 2933 1856.
2402 2897 2481 2963 rabbe

2374 2684 2416 2709 der
2436 2667 2492 2712 auch
2510 2665 2534 2707 in

2432 2708 2534 2738 Dienſt;

1234 2963 1324 2999 Ferd.
1343 2956 1536 2995 Dümmler's
1556 2959 1764 2996 Verlagsbuchh.

2224 2938 2348 2975 Adolyh
2371 2932 2400 2963 K&

1825 989 1904 1021 dichte
1928 990 1996 1020 nicht
2019 990 2196 1024 unbefriedigt
2219 995 2267 1018 aus
2293 993 2336 1018 der
2356 992 2432 1024 Hand
2453 990 2534 1020 legen.
