2776 3302
260 203 307 237 N
323 207 372 248 69,
394 208 444 240 30.
460 206 543 240 Mai.

929 205 1134 267 Börſenblatt
1151 209 1203 255 für
1221 209 1278 245 den
1298 209 1452 258 deutſchen
1471 209 1682 259 Buchhandel.

2279 216 2349 259 991

213 313 308 352 16856.]
345 321 431 353 Durch
451 322 511 354 mich
531 322 560 355 iſt
574 330 604 357 zu
622 323 736 357 beziehen
756 324 795 350 die
811 324 838 351 in
854 323 928 350 kur⸗

212 356 250 381 zer
268 354 322 383 Zeit
343 358 545 390 erſcheinende

448 392 671 430 Generalkarte

528 455 592 477 vom

260 486 542 541 Herzogthum
576 490 852 540 Oldenburg.

442 548 598 580 Entworfen
618 553 676 573 vom

210 566 556 625 Vermeſſungs⸗Director
568 583 657 620 Freih.
668 584 733 613 von
742 577 910 620 Schrenck,

224 621 248 642 in
258 618 358 653 Kupfer
378 625 502 657 geſtochen
522 630 571 651 von
584 624 732 650 Kliewer
750 623 777 649 in
788 623 892 650 Berlin.

310 658 364 695 Im
380 661 533 700 Maßſtabe
548 669 604 691 von
623 659 808 696 1:200,000.

340 701 466 736 Schwarz
487 701 534 736 1½
554 703 585 733 ,
602 702 680 727 color.
700 702 716 725 2
734 701 764 732 f.

276 740 388 774 Ferner:
925 765 926 785 ö

354 778 622 829 Topographiſche
658 777 753 816 Karte
924 797 926 826 ö

528 837 585 857 vom

248 863 528 921 Herzogthum
576 868 926 920 Oldenburg.

210 912 368 959 Gegruͤndet
384 930 436 967 auf
449 930 492 959 die
508 929 538 959 in
564 929 614 959 den
631 926 744 966 Jahren
763 927 843 958 1835
863 927 907 958 bis

268 964 287 995 O
303 976 384 1003 unter
394 971 545 1004 Direction
562 973 609 1002 des
624 963 925 1015 Vermeſſungs⸗Di⸗

210 1007 303 1040 rectors
318 1020 369 1042 von
386 1011 520 1051 Schreuck
540 1012 724 1053 ausgefuͤhrte
736 1013 924 1050 Landesver⸗

210 1048 338 1093 meſſung.
369 1057 424 1093 Im
442 1057 595 1095 Maßſtabe
617 1065 672 1088 von
696 1056 853 1093 1:50,000
874 1055 924 1096 in

450 1100 488 1129 16
506 1098 652 1131 Blaͤttern.

256 1130 402 1168 Erſchienen
424 1141 476 1174 ſind
494 1140 551 1172 jetzt
570 1140 652 1167 Blatt
670 1138 746 1165 VIII.
765 1147 791 1166 u.
810 1139 923 1165 IX.

294 1170 419 1210 Schwarz
440 1177 455 1201 à
473 1177 506 1201 25
524 1176 594 1208 Ny,
612 1173 689 1200 color.
709 1174 725 1197 à
746 1174 758 1198 1
777 1175 808 1204 H.

208 1214 261 1276 feſt
269 1210 321 1248 Auf
344 1218 413 1246 beide
444 1220 546 1247 Karten
580 1217 645 1243 kann
669 1216 703 1247 ich
726 1216 809 1257 jedoch
842 1221 923 1261 nur

208 1273 244 1300 als
269 1248 289 1300 1/
286 1248 524 1288 Beſtellungen
540 1251 682 1285 annehmen
693 1252 744 1278 und
756 1251 822 1283 nicht
834 1250 922 1285 mehr

264 1281 294 1307 10
304 1283 330 1318 00
349 1289 454 1317 Rabatt
471 1289 594 1323 abgeben.

337 1321 479 1358 Gerhard
496 1321 641 1358 Stalling
661 1322 686 1349 in
703 1319 954 1363 Oldenburg.

208 1385 302 1463 imni
338 1409 389 1436 Die
413 1417 462 1438 von
483 1411 532 1439 mir
555 1417 600 1437 vor
621 1408 693 1441 Jahr
712 1407 761 1434 und
779 1406 837 1440 Tag
858 1412 903 1432 an⸗

206 1434 362 1475 gekuͤndigte,
390 1452 480 1480 wegen
503 1446 633 1477 amtlicher
652 1442 838 1477 Behinderung
857 1442 921 1476 des

221 1471 268 1530 abe
289 1476 391 1507 debers
418 1483 480 1509 aber
502 1483 536 1510 im
554 1481 636 1509 Druck
661 1477 808 1513 verzoͤgerte
832 1477 921 1530 Aus⸗

283 1514 330 1538 von

621 1551 642 1566 55

427 1551 666 1605 Peſtalozzi's

206 1645 283 1675 eeſhenn
314 1600 484 1662 ienhard
520 1613 587 1649 und
618 1607 776 1648 Gertrud

264 1656 314 1710 170
330 1664 356 1685 in
370 1662 470 1697 einigen
486 1664 594 1694 Wochen
612 1664 640 1697 (2
654 1663 732 1696 Thle.
753 1662 779 1689 in
810 1661 812 1686 1
832 1659 920 1689 Bde.

204 1716 246 1742 gen
299 1689 366 1725 Sge)
394 1700 444 1725 und
465 1699 529 1726 wird
554 1701 622 1726 dann
648 1706 680 1726 an
706 1700 744 1725 die
764 1697 900 1730 Handlun⸗

202 1737 254 1774 die
268 1725 358 1782 I
378 1732 454 1760 Nova
474 1735 625 1766 annehmen,
645 1734 748 1768 ſogleich
768 1733 900 1765 verſandtz

204 1757 278 1820 Wahl
296 1766 367 1795 rigen
395 1770 486 1796 wollen
511 1771 558 1802 auf
583 1770 637 1796 dem
664 1767 918 1824 Raumburgſchen

225 1786 354 1856 luſzatte
391 1805 540 1838 verlangen.
594 1804 660 1831 Eine
691 1803 814 1838 Ausgabe
851 1803 900 1830 mit

951 325 1052 358 (6860.)
1090 324 1246 363 Friedrich
1266 326 1364 363 Voigt
1382 329 1408 355 in
1430 329 1530 363 Leipzig
1558 329 1659 362 offerirt

983 367 1062 394 gegen
1081 362 1156 387 baar:

948 397 963 426 1
989 397 1236 436 Rouletteſpieler,
1262 400 1306 430 der
1322 401 1422 437 ſichere.
1451 399 1482 436 (1
1500 398 1658 437 Louisd'or)

992 440 1062 478 12½
1077 440 1148 478 No.

987 482 1152 521 Regnault,
1176 481 1300 520 Chemie.

990 526 1028 555 12
1038 525 1108 562 Nof.

989 566 1094 603 Stolle,
1114 567 1201 598 1813.
1220 566 1238 596 3
1254 567 1334 605 Thle.
1356 569 1453 607 broſch.
1474 569 1511 599 15
1528 569 1600 609 Nyf.

987 609 1212 651 Wanderungen
1240 612 1318 649 durch
1334 610 1506 649 Schwaben.
1534 612 1652 644 Carton.

989 652 1027 682 15
1041 652 1112 691 No.

986 694 1103 731 Julius,
1120 695 1275 733 Schweizer
1291 695 1465 727 Volkslieder
1481 699 1501 734 f.
1534 694 1542 725 4
1557 695 1651 728 Maͤn⸗

988 738 1176 775 nerſtimmen.
1194 736 1214 767 4
1229 736 1322 776 Hefte.
1340 739 1372 776 (2
1384 737 1428 777 5)
1445 738 1484 768 15
1493 738 1565 777 No.

1341 485 1446 522 Ueberſ.
1481 492 1507 514 v.
1539 484 1655 516 Kerndt.

946 825 1046 858 [6861.]
1085 825 1133 857 Ich
1164 825 1250 857 liefere
1277 825 1478 859 Nachſtehendes
1510 827 1559 853 mit
1586 827 1650 861 509,

943 860 1048 887 Rabatt
1064 861 1113 887 und
1132 860 1197 887 bitte
1218 867 1260 887 um
1283 859 1384 894 thaͤtige
1400 861 1600 895 Verwendung:

1127 903 1462 959 Beiträge

1274 964 1320 990 zur
1667 966 1668 984 ö

1024 996 1319 1049 Uaturgeſchichte
1348 1002 1405 1037 der
1435 993 1568 1047 Zecken

1269 1058 1299 1079 vo

1074 1089 1155 1126 Prof.
1176 1084 1226 1122 S.
1244 1060 1345 1121 Gene
1361 1091 1390 1120 in
1407 1088 1510 1120 Turin.
1665 1108 1666 1122 ö

941 1136 1006 1169 Aus
1029 1140 1088 1169 dem
1106 1138 1326 1177 Italieniſchen,
1356 1140 1407 1169 mit
1423 1138 1645 1178 Anmerkungen
1664 1123 1666 1171 ö

1275 1186 1342 1203 von

1114 1216 1208 1248 Dr.
1230 1215 1273 1263 H.
1292 1215 1428 1262 Fiſcher,

990 1264 1152 1291 Privatvocent
1165 1272 1191 1294 zu
1207 1265 1334 1294 Freiburg,
1360 1264 1468 1293 Mitglied
1480 1264 1590 1293 mehrerer

1093 1299 1300 1327 naturhiſtoriſchen
1321 1297 1499 1326 Geſellſchaften.

1096 1340 1194 1372 (1849)
1216 1335 1347 1371 L.⸗Preis
1357 1338 1390 1364 10
1410 1338 1472 1371 S.

972 1381 1097 1415 Freiburg
1118 1381 1174 1414 i/
1170 1379 1220 1416 B.
1247 1380 1318 1416 Fr.
1338 1379 1419 1409 Xav.
1438 1379 1606 1414 Wangler.

938 1510 1162 1570 Geſuchte
1202 1475 1383 1570 Bücher
1427 1522 1473 1560 u.
1512 1512 1546 1569 ſ.
1579 1516 1660 1560 w.

970 1661 1026 1692 chen
1045 1658 1234 1693 antiquariſch:

935 1791 992 1823 Bd.
1010 1792 1056 1821 III.
1079 1806 1114 1810 —
1136 1789 1276 1827 Caspari,
1294 1789 1428 1827 arabiſche
1454 1790 1636 1825 Grammatik
1656 1782 1658 1838 ö

278 1832 393 1869 rationen
413 1845 462 1866 von
482 1839 533 1874 Th.
553 1839 698 1872 Hoſemann
716 1840 784 1872 folgt
802 1836 898 1870 ſpaͤter.
934 1845 954 1873 z.
978 1833 1216 1871 Schulgebrauch.
1234 1846 1274 1851 —
1288 1831 1400 1863 Stuart
1415 1842 1444 1863 u.
1458 1832 1570 1870 Revett,
1586 1834 1657 1866 Al⸗
1674 1843 1714 1848 —

1698 330 1798 365 16864.]
1838 331 1876 367 F.
1893 332 2007 368 Butſch
2026 334 2052 361 in
2071 335 2214 369 Augsburg
2232 336 2313 367 ſucht:

1694 372 1840 413 Baͤdeker,
1869 376 2095 416 Reiſehandbuch
2129 386 2155 409 v.
2194 378 2394 420 Deutſchland.

1692 431 1734 437 —
1753 419 1794 448 do.
1814 420 1858 449 der
1874 419 2011 459 Schweiz.

1694 457 1779 498 Goͤrz,
1792 459 1873 499 Reiſe
1888 472 1938 494 um
1955 465 1994 494 die
2014 462 2102 495 Welt.

1693 501 1832 541 Wagner,
1847 502 1941 542 Mor.,
1958 501 2124 547 ſaͤmmtliche
2139 506 2395 547 Reiſe⸗Schriften.

1693 543 1868 581 Gervinus,
1885 545 2040 587 Handbuch
2058 551 2081 579 d.
2100 555 2170 588 poet.
2190 549 2394 583 Nationallite⸗

1735 594 1822 618 ratur.

1688 624 1806 715 uer,
1828 624 1934 715 Weihih
1956 634 1980 663 d.
1998 635 2138 673 rheiniſch.
2158 635 2250 674 Pfalz.

1722 675 1800 710 eitzke,
1848 676 1910 704 Geſchichte
1980 677 2000 705 d.
2012 678 2151 708 deutſchen
2186 678 2382 709 Freiheitskriege

1732 676 1938 744 1813.44.
2078 677 2184 715 —
2350 687 2393 717 77

1688 757 1942 797 Schwarzenberg,
1965 764 2019 790 aus
2046 761 2108 792 dem
2135 761 2346 802 Wanderbuche
2368 772 2390 795 e.

1729 800 1956 838 verabſchiedeten
1973 801 2186 842 Landsknechts.

1686 843 1834 880 Bromme,
1854 842 1940 874 Atlas
1962 853 1995 882 zu
2014 843 2201 883 Humboldt's
2220 848 2354 880 Kosmos.

1685 887 1810 926 Tſchudi,
1833 885 2002 924 Alpenwelt.

1685 930 1845 968 Schleiden,
1862 928 2002 961 Studien.

1684 973 1778 1012 Riehl,
1800 972 2040 1012 Naturgeſchichte
2054 975 2100 1005 des
2116 974 2216 1008 Volks.
2234 978 2254 1008 3
2268 977 2340 1010 Bde.

1685 1016 1820 1053 Schwab,
1838 1015 1944 1055 Sagen
1960 1020 1985 1047 d.
2004 1019 2158 1057 claſſiſchen
2172 1018 2360 1059 Alterthums.

1666 1058 1822 1096 Simrock,
1838 1058 1996 1098 Handbuch
2006 1062 2029 1091 d.
2040 1062 2180 1101 deutſchen
2197 1062 2388 1103 Mythologie.

1682 1101 1815 1140 Zſchokke,
1835 1102 1982 1135 Novellen.
2004 1103 2044 1134 10
2063 1103 2135 1135 Bde.

1682 1143 1822 1182 Gutzkow,
1840 1147 1880 1176 die
1898 1145 1993 1177 Ritter
2009 1154 2033 1177 v.
2053 1145 2156 1186 Geiſte.

1663 1181 1808 1224 Freytag,
1826 1186 1897 1218 Soll
1915 1197 1942 1218 u.
1960 1188 2074 1226 Haben.

1662 1226 1806 1263 Lentner,
1820 1228 1968 1261 Novellen.

1680 1269 1786 1309 Pierer,
1804 1271 2060 1309 Univerſallexikon.
2079 1272 2215 1311 (Neueſte
2235 1273 2386 1312 Auflage.)

1678 1310 1800 1347 Sydow,
1816 1314 1866 1341 das
1883 1312 2098 1350 Planzeichnen.

1660 1351 1826 1390 Mangin,
1851 1352 2046 1392 Abhandlung
2071 1354 2138 1385 uͤber
2156 1358 2180 1385 d.
2205 1356 2382 1394 Polygonal⸗

1718 1393 1917 1432 Befeſtigung.

1676 1434 1835 1474 Hofſtetter,
1848 1435 1994 1475 Tagebuch
2012 1441 2066 1468 aus
2082 1437 2206 1474 Italien.

1659 1477 1804 1515 Colomb,
1820 1484 1874 1511 aus
1888 1482 1910 1510 d.
1922 1478 2067 1518 Tagebuch
2076 1482 2100 1511 d.
2112 1480 2302 1521 Rittmeiſters
2322 1508 2381 1514 ...

1720 1520 1898 1553 1813—14.

1658 1565 1784 1603 Bauer,
1800 1565 1883 1605 Krieg
1903 1566 1984 1596 1809
1999 1567 2028 1598 in
2048 1566 2136 1599 Tirol.

918 1602 1038 1659 (6862.]
1078 1621 1136 1651 W.
1158 1620 1276 1650 Weber
1294 1621 1323 1650 &
1341 1621 1402 1650 Co.
1428 1622 1454 1650 in
1480 1623 1574 1652 Berlin
1600 1627 1638 1657 ſu⸗
1658 1609 1822 1663 Spruner,
1840 1610 1930 1649 hiſtor.
1949 1609 2044 1642 Atlas.

1658 1653 1771 1692 Woͤrl,
1788 1653 1883 1686 Atlas.
1899 1657 1962 1695 cylt.

918 1705 1112 1740 Lamartine,
1138 1703 1232 1741 Geſch.
1260 1710 1284 1734 d.
1304 1701 1494 1743 Girondiſten.
1515 1704 1572 1737 Bd.
1601 1708 1635 1737 II.
1657 1697 1806 1744 Lorinſer,
1823 1699 1992 1738 botaniſches
2006 1698 2254 1739 Excurſionsbuch.

917 1748 1048 1780 Baden.
1073 1763 1114 1768 —
1134 1746 1256 1786 Ludolff,
1284 1745 1480 1785 Schaubuͤhne
1504 1751 1528 1779 d.
1547 1748 1634 1781 Welt.
1657 1741 1792 1780 Bauer,
1814 1741 1964 1781 Gegenſatz
1983 1746 2007 1773 d.
2031 1745 2191 1782 proteſtant.
2222 1755 2250 1776 u.
2280 1746 2382 1784 kathol.

1716 1784 1819 1822 Kirche.

1729 1825 1795 1857 uͤber
1812 1826 1979 1858 Gemeinde⸗
1990 1837 2018 1858 u.
2037 1827 2298 1867 Stiftungsweſen.

202 1882 237 1914 die
256 1856 293 1931 ih
306 1856 512 1931 imaſſenbaften
527 1875 542 1899 à
557 1871 918 1908 Cond.⸗Verſchreibungen,
933 1876 1094 1915 terthuͤmer.
1113 1874 1252 1906 Weimar.
1270 1890 1312 1895 —
1326 1873 1482 1913 Dithmar,
1502 1875 1634 1916 Chronik.
1672 1871 1734 1905 Pez,
1753 1869 1904 1905 scriptores
1919 1877 2010 1896 rerum
2026 1870 2192 1900 Austriacar.
2210 1872 2308 1899 Tomus
2329 1873 2378 1903 III.

934 1936 974 1940 —
990 1918 1113 1956 Chronik
1130 1925 1154 1947 v.
1179 1915 1352 1949 Osnabruͤck.
1375 1932 1416 1939 —
1435 1917 1536 1956 Euler,
1556 1919 1634 1952 Einl.
1672 1912 1818 1950 Adelung,
1838 1909 1933 1950 Geſch.
1957 1912 1981 1941 d.
2016 1912 2208 1950 menſchlichen
2233 1912 2377 1952 Narrheit.

316 1909 350 1930 im
376 1912 419 1935 ver
574 1909 660 1943 Jahre
688 1910 735 1940 auf
759 1909 806 1935 das
825 1908 918 1941 Buch

422 1917 554 1944 gangenen

203 1922 313 1990 Colling,
341 1940 419 1975 laſſen
452 1945 512 1976 mich
537 1946 636 1978 hoffen,
664 1944 712 1976 daß
738 1944 776 1970 die
796 1938 917 1978 Herren

202 1966 314 2035 berühme
334 1974 376 2008 ſich
398 1986 460 2011 gern
478 1980 521 2012 fuͤr
542 1981 606 2011 dieſe
626 1986 687 2006 neue
708 1979 832 2012 Ausgabe
852 1979 897 2005 des

202 2021 244 2055 den
260 2007 342 2061 werde
366 2015 416 2039 und
445 2016 633 2047 vortrefflichen
654 2014 754 2044 Buches
784 2019 898 2041 verwen⸗

202 2041 370 2108 dergebliche
394 2050 444 2076 und
465 2051 512 2083 daß
534 2051 596 2081 dieſe
620 2049 804 2082 Verwendung
829 2048 897 2075 keine

334 2085 344 2104 G
388 2083 393 2088 ei
630 2085 714 2090 Werw
819 2084 824 2089 1

201 2074 374 2148 dorausſehen
388 2089 412 2110 n
432 2088 522 2118 werde,
543 2085 599 2117 laͤßt
617 2085 660 2118 ſich
681 2086 728 2111 mit
748 2083 898 2116 Gewißheit

330 2146 451 2186 Adolph
469 2153 596 2183 Müller
614 2156 640 2182 in
660 2153 862 2187 Brandenburg.

202 2193 338 2226 —T

202 2241 490 2330 Angebotene
512 2263 692 2355 Bücher
714 2286 762 2324 u.
782 2276 816 2332 ſ.
834 2261 915 2330 w.

202 2348 293 2427 Aihe
349 2371 432 2404 Karl
456 2377 548 2411 Kapp
568 2379 594 2405 in
616 2378 693 2410 Tilſit
716 2377 816 2410 offerirt
844 2378 893 2404 und

278 2401 288 2431 t
306 2401 422 2437 Geboten
443 2416 582 2447 entgegen:

238 2442 388 2508 1854f1
410 2451 454 2479 der
492 2453 619 2481 moderne
650 2450 763 2488 Vaſari.
791 2447 893 2480 Berlin

234 2512 272 2547 8ö
298 2506 321 2529 4.
340 2483 367 2521 (1
386 2490 496 2529 broſch.,
522 2494 527 2521 1
551 2492 682 2531 Orglbd.,
698 2491 778 2530 neu.)

237 2527 321 2589 Uco
338 2535 367 2559 u.
386 2530 512 2570 Thaeter,
539 2534 686 2567 Guͤldenes
708 2533 804 2566 ABC.
831 2533 894 2565 Cal⸗

196 2586 306 2619 Aer;

235 2591 339 2654 Uerrig,
366 2614 411 2642 the
428 2616 524 2647 british
550 2621 678 2649 olassical
703 2621 824 2650 authors.
850 2620 891 2648 br.

224 2655 310 2701 E
326 2650 372 2689 4.;
388 2658 403 2685 1
422 2658 470 2689 Ex.
494 2661 524 2691 5.
541 2663 612 2693 Aull.

197 2701 290 2751 loen
324 2704 436 2754 die
414 2701 436 2754 V

410 2728 546 2765 Voßiſche
572 2736 674 2765 S.⸗B.
701 2739 724 2765 in
808 2738 891 2764 Spandau

192 2750 233 2806 15
252 2746 278 2815 E
309 2753 320 2782 0
343 2767 367 2787 u.
387 2763 450 2797 ſieht
469 2770 527 2800 gefl.
549 2770 668 2800 Geboten
689 2738 828 2808 .—

269 2796 290 2821 v.
309 2788 426 2854 Blume,
451 2805 622 2843 lateiniſches
648 2808 889 2848 Elementarbuch.

267 2836 341 2915 unge
358 2839 440 2913 bae
454 2842 562 2924 101
574 2848 603 2878 9.
621 2849 716 2890 Aufl.)
732 2855 808 2892 nebſt
816 2854 890 2885 Vor⸗

342 2890 360 2911 n
410 2893 469 2923 dazu.
554 2894 646 2922 (Dortmu
846 2896 869 2912 J

232 2907 399 2955 Pand
650 2896 686 2924 nd
712 2896 818 2970 1.—
843 2906 890 2933 In

933 2132 1078 2169 Gedichte,
1103 2140 1140 2162 m.
1157 2131 1187 2168 Z.
1208 2139 1234 2162 v.
1250 2128 1444 2167 Chodowiecki.
1464 2150 1505 2156 —
1522 2133 1655 2173 Graſer,
1670 2128 1796 2161 Walter,
1812 2125 1920 2154 lexicon
1933 2124 2144 2173 diplomaticum.

930 2166 1101 2217 Divinitaͤt.
1116 2173 1198 2205 1830.
1209 2189 1249 2193 —
1261 2171 1385 2211 Ludwig,
1397 2174 1592 2217 Bearbeitung
1610 2179 1634 2209 d.
1670 2169 1829 2207 Tuͤrkiſches
1845 2168 1877 2198 kl.
1900 2166 2024 2201 Lexikon.

931 2260 1067 2300 Erzieher.
1087 2259 1177 2290 1836.
1196 2275 1236 2280 —
1251 2257 1432 2299 Dieſterweg,
1453 2266 1476 2293 d.
1494 2262 1634 2302 paͤdagog.

930 2304 1132 2340 Deutſchland.
1158 2318 1197 2322 —
1231 2301 1452 2339 Schulkalender
1479 2304 1569 2337 1855.
1597 2322 1632 2326 —

930 2344 1050 2383 (Coͤlln,)
1071 2345 1159 2376 Neun
1176 2341 1376 2382 Feuerbraͤnde.
1396 2346 1466 2386 Heft
1482 2349 1508 2379 1.

932 2430 1032 2464 6863.]
1062 2429 1144 2458 Carl
1162 2427 1300 2458 Villaͤret
1317 2428 1344 2454 in
1358 2430 1456 2463 Erfurt
1474 2434 1541 2466 ſucht

964 2466 1112 2498 vorheriger
1130 2463 1322 2497 Preisangabe:

931 2510 1018 2540 aus
1035 2512 1096 2541 dem
1111 2509 1251 2545 Winckell,
1266 2507 1421 2547 Handbuch
1442 2515 1460 2550 f.
1481 2513 1582 2554 Jaͤger.

929 2552 944 2582 1
964 2552 1141 2590 Bernhardy,
1162 2552 1321 2591 allgemeine
1338 2550 1530 2588 Grammatik.

913 2215 1223 2256 Lebensverhaͤltniſſe.
1241 2231 1281 2236 —
1298 2215 1408 2254 Sailer,
1432 2217 1590 2260 Erziehung
1608 2222 1634 2251 d.
1672 2212 1756 2241 Biblia
1774 2209 1944 2258 magna,
1902 2209 1952 2260 ed.
1962 2210 1996 2236 de
2014 2210 2036 2237 1a
2058 2210 2142 2258 Haye.

1670 2256 1818 2296 Catalogus
1832 2253 2014 2280 bibliothecae
2026 2253 2193 2285 Thottianae,
2208 2255 2306 2286 Tomus
2320 2258 2380 2288 VII.

1712 2298 1741 2327 8.
1760 2296 1878 2323 Hauniae
1898 2293 1988 2325 1795.

1652 2342 1766 2378 Plato,
1786 2337 1922 2376 Apologie
1934 2340 1958 2369 d.
1974 2337 2124 2370 Sokrates.

1568 2406 1629 2408 —
1652 2378 1822 2429 Mannert,
1841 2384 1894 2411 alte
1914 2379 2103 2419 Geographie.

1558 2435 1654 2472 unter
1670 2426 1764 2454 Codex
1784 2424 1923 2460 diplomat.
1942 2425 2003 2452 aevi
2020 2427 2155 2464 saxonici,
2179 2429 2215 2464 by
2232 2430 2372 2459 Wemble.

1711 2468 1730 2497 6
1743 2468 1805 2495 vol.
1821 2467 1906 2496 Lond.
1928 2467 2102 2500 1839—48.

1652 2500 1783 2540 Ancient
1799 2511 1867 2537 laws
1883 2510 1934 2537 and
1953 2510 2091 2542 institutes
2110 2516 2142 2543 ol
2154 2514 2288 2551 England.
2304 2514 2374 2540 Lon-

1710 2554 1764 2581 don
1782 2552 1874 2583 1840.

929 2594 945 2624 1
964 2595 1046 2630 Diez,
1068 2596 1232 2623 Grammatik
1247 2594 1272 2623 d.
1292 2596 1480 2626 romanischen
1500 2601 1629 2637 Sprache.
1650 2592 1826 2632 Bibliothek
1842 2598 1866 2626 d.
1885 2599 1938 2636 geſ.
1954 2599 2068 2639 deutſch.
2088 2600 2366 2633 Nationalliteratur.

928 2637 944 2666 1
962 2637 1048 2673 Orell,
1065 2637 1278 2677 altfranzoͤſiſche
1290 2634 1480 2678 Grammatik,
1498 2645 1559 2675 oder
1573 2634 1652 2678 eine

970 2682 1068 2712 andere
1084 2683 1226 2720 derartige.
1649 2693 1651 2725 ö

928 2723 944 2753 1
962 2723 1076 2762 Filippi,
1094 2724 1272 2761 italieniſches
1290 2720 1482 2764 Woͤrterbuch.
1649 2726 1651 2747 ö

927 2767 942 2797 1
964 2766 1135 2805 Schwegler,
1152 2766 1304 2805 Geſchichte
1320 2767 1364 2795 der
1382 2766 1570 2810 Philoſophie.

927 2810 942 2840 1
962 2810 1043 2847 Koch,
1059 2809 1214 2847 Landrecht.

926 2852 942 2882 1
962 2852 1184 2892 Bruͤggemann,
1198 2851 1539 2896 Mobiliarverſicherung.
1557 2856 1628 2888 Ber⸗

968 2899 1008 2927 lin
1026 2895 1116 2926 1838.

927 2939 941 2968 1
960 2938 1078 2977 Melzer,
1096 2936 1372 2978 Muͤhlenbaukunſt.

1709 2638 1798 2670 Band
1816 2639 1870 2670 29:

1710 2682 1827 2711 Lexicon
1840 2684 2098 2719 anglo-saxonicum
2108 2694 2130 2713 c.
2140 2680 2261 2718 synopsi.
2280 2676 2371 2710 Oued-

1752 2726 1817 2757 linb.
1839 2727 1930 2759 1851.

1648 2752 1752 2837 Dis,
1770 2769 1952 2804 Grammatik
1970 2775 1993 2802 d.
2011 2778 2118 2803 roman.
2138 2763 2296 2802 Sprachen.

1668 2860 1767 2894 (6865.)
1793 2854 1894 2891 Louis
1906 2859 2092 2893 Bosheuyer
2111 2856 2136 2881 in
2145 2850 2290 2892 Cannſtatt
2303 2851 2372 2886 ſucht

1702 2897 1812 2931 billigſt:

1667 2941 1680 2970 1
1700 2941 1878 2979 Abrahamea
1895 2939 1948 2970 St.
1968 2934 2080 2966 Clara's
2097 2929 2203 2961 Werke.
2226 2934 2326 2969 compl.

2074 2972 2168 3007 137*

933 1973 953 2001 3.
979 1954 1058 2001 Diff.
1071 1954 1180 2001 Rechn.,
1198 1961 1274 1998 dtſch.
1292 1967 1318 1989 v.
1337 1958 1502 2000 Michelſen.
1543 1964 1544 1993 3
1562 1954 1656 1996 Bde.
1716 1954 1804 1986 Band
1828 1955 1897 1984 7.

933 2016 960 2036 u.
986 2003 1077 2041 Sppl.
1100 2018 1141 2023 —
1167 2002 1268 2041 Engel,
1289 2004 1391 2033 landw.
1415 2003 1638 2043 Baukunſt.
1654 2007 1656 2045 —
1668 1989 1783 2049 Winer,
1798 1989 2046 2049 neuteſtamentar.
2064 1994 2256 2040 Grammatik.

932 2048 1003 2080 Don
1020 2045 1154 2082 Quirxote,
1179 2045 1267 2083 uͤberſ.
1289 2051 1314 2074 v.
1333 2043 1464 2084 Bertuch,
1482 2051 1534 2080 mit
1550 2048 1636 2086 Zeich-
1672 2041 1755 2069 biblia
1770 2040 1916 2076 hispanica.
1934 2038 2069 2086 Amsterd.
2084 2038 2184 2082 1661.

932 2098 1060 2128 nungen.
1092 2087 1150 2120 Bd.
1183 2088 1211 2118 5.
1237 2087 1265 2117 6.
1300 2088 1390 2118 1777.
1424 2106 1464 2110 —
1496 2090 1636 2130 Buͤrger's
1672 2086 1712 2113 Du
1728 2084 1838 2118 Cange,
1851 2082 2024 2117 glossarium,
2041 2082 2083 2109 ed.
2108 2082 2250 2112 Henschel.
