2777 3301
266 221 313 255 N
334 224 384 262 69,
404 226 455 257 30.
471 224 554 259 Mai.

935 227 1141 275 Börſenblatt
1156 232 1208 278 für
1227 233 1284 271 den
1303 235 1457 285 deutſchen
1475 232 1697 286 Buchhandel.

2291 240 2366 287 98⁷

224 332 321 370 16815.
435 340 534 378 Statt
566 343 722 380 Circular.

466 394 622 427 Warſchau,
644 396 668 420 d.
688 396 709 419 1.
732 395 794 421 Mai
816 396 890 422 1856.

457 431 475 457 P

258 466 346 505 Mit
372 469 604 504 Gegenwaͤrtigem
638 470 700 504 habe
730 470 764 502 ich
790 472 837 498 das
860 473 926 500 Ver⸗

221 502 316 537 gnuͤgen
346 503 397 531 Sie
414 513 443 539 zu
464 506 689 539 benachrichtigen,
713 507 760 538 daß
774 506 808 539 ich
830 508 868 534 die
881 510 928 540 ſeit

223 535 298 561 vielen
322 538 424 572 Jahren
454 544 530 568 unter
556 542 652 568 meiner
672 541 760 574 Firma
782 542 927 574 exiſtirende

220 566 506 633 Fmteienhandlang
552 577 610 608 auch
650 576 740 603 weiter
773 579 850 604 unter
884 579 926 606 der

241 610 304 632 irma

258 640 296 687 J.
321 643 583 695 Alukowski'ſche
607 641 892 702 Mlnſikhandlung

222 692 264 721 auf
282 695 360 722 meine
379 697 518 730 Rechnung
538 697 576 724 bei
595 698 638 724 der
653 696 860 734 Buchhandlung
878 707 925 727 un⸗

221 724 257 750 ter
275 727 317 755 der
332 731 421 763 Firma

281 764 320 811 J.
345 766 538 812 Klukowski
565 770 593 802 &
618 766 675 804 W.
695 769 844 820 Nafalski

222 814 436 850 ununterbrochen
454 815 603 850 fortfuͤhren
624 819 714 845 werde.

285 851 328 878 Da
352 854 386 886 ich
414 855 461 880 das
494 852 558 884 beſte
584 852 774 887 Wohlergehen
799 855 844 881 des
872 856 926 882 Ge—

222 878 322 921 ſchaͤftes
347 889 374 915 in
394 887 510 920 Ausſicht
536 887 615 920 habe,
645 890 670 920 ſo
696 889 792 922 erfuche
816 889 850 923 ich
877 892 926 918 alle

222 912 356 955 diejenigen
387 922 726 958 Muſikalienhandlungen,
760 926 849 958 welche
876 927 926 954 mir

220 952 273 983 noch
287 956 340 985 kein
361 959 446 987 Conto
462 958 572 992 eroͤffnet
584 958 682 993 haben,
700 960 760 993 mich
784 962 858 994 durch
870 962 924 989 eine

244 992 438 1029 ontoeröffnung
457 1002 488 1029 zu
504 993 684 1028 unterſtuͤtzen;
703 995 841 1029 jedenfalls
858 1004 924 1024 wer⸗

221 1017 262 1059 den
286 1028 345 1056 aber
368 1032 418 1058 alle
444 1030 490 1062 feſt
509 1031 663 1065 verlangten
679 1031 864 1067 Beſtellungen
884 1034 924 1060 bei

222 1059 284 1085 ner
304 1063 591 1099 Creditverweigerung
620 1066 692 1098 durch
714 1068 813 1095 meinen
836 1068 923 1100 Herrn

220 1083 411 1138 Commiſſionaͤr
430 1101 614 1134 Wolfgang
636 1101 792 1135 Gerhard
808 1104 835 1130 in
850 1104 923 1133 Leip⸗

220 1128 256 1159 zig
276 1131 395 1169 eingeloſt
414 1136 525 1167 werden.

284 1166 381 1198 Indem
406 1171 440 1203 ich
466 1169 557 1202 Ihnen
584 1170 623 1196 die
648 1168 769 1203 thaͤtigſte
795 1172 922 1198 Verwen⸗

220 1191 282 1232 dung
305 1203 348 1234 für
370 1206 456 1240 Ihren
482 1205 584 1237 Verlag
612 1205 770 1237 verſpreche,
797 1205 922 1240 empfehle

221 1228 252 1261 ich
271 1237 330 1270 mich
350 1241 433 1276 Ihrer
449 1239 521 1269 Guüͤte
541 1239 591 1266 und
611 1239 707 1272 zeichne

517 1273 757 1308 hochachtungsvoll

557 1308 669 1344 Ignatz
688 1306 887 1336 Klukowski.

481 1371 573 1405 Paris,
592 1372 644 1397 den
670 1371 711 1396 25.
731 1369 787 1395 Mai
808 1369 885 1397 1856.

454 1409 472 1436 P

221 1333 250 1340 —
317 1338 370 1353 —

221 1355 316 1399 16816.)

381 1408 409 1435 P.
476 1429 482 1435 E

282 1441 507 1480 Bezugnehmend
538 1449 586 1475 auf
614 1448 684 1474 mein
708 1447 830 1473 Circular
860 1455 920 1473 vom

219 1467 255 1497 15.
282 1484 314 1510 „
338 1480 366 1507 in
390 1484 516 1511 welchem
543 1484 585 1510 ich
609 1484 696 1510 meine
722 1482 836 1509 Absicht
858 1490 918 1508 aus-

218 1509 399 1547 Prach,
354 1509 410 1547 mit
428 1519 487 1546 dem
518 1519 664 1546 deutschen
689 1517 862 1544 Buchhandel
891 1518 919 1543 in

235 1546 312 1573 lrecte
338 1550 517 1589 Verbindung
539 1557 580 1581 zu
596 1557 697 1587 treten
729 1553 783 1579 und
814 1553 919 1580 meinen

241 1578 310 1616 erlag
336 1585 365 1611 in
385 1588 537 1624 Rechnung
561 1598 595 1616 zu
622 1589 734 1622 liefern,
761 1589 859 1615 beehre
875 1589 920 1615 ich

218 1612 294 1651 kuich,
310 1618 402 1658 Ihnen
427 1624 568 1651 hierdurch
588 1625 632 1651 die
657 1625 790 1659 ergebene
810 1624 920 1651 weitere

214 1635 384 1695 Mittheilung
407 1667 440 1686 zu
466 1661 592 1694 machen,
620 1661 681 1688 dass
704 1660 748 1687 ich
774 1661 842 1688 mich
859 1665 920 1687 ent-

218 1683 348 1716 Halossen
378 1693 460 1728 habe,
501 1696 569 1722 auch
597 1698 646 1723 ein
674 1698 836 1729 Sortiment
866 1698 920 1724 der

256 1719 400 1757 dutigsten
430 1731 741 1759 wissenschaftlichen
779 1734 918 1759 Erschei-

218 1752 332 1789 nungen
349 1761 569 1793 Deutschlands
586 1775 620 1793 zu
640 1767 740 1794 halten.

314 1795 357 1821 ein
374 1798 490 1835 Bedarf,
510 1802 562 1828 den
582 1802 624 1827 ich
642 1802 738 1828 bisher
752 1802 836 1828 durch
854 1802 917 1828 mei-

216 1826 248 1875 tä
251 1825 486 1864 Jommissionär
503 1834 539 1863 in
552 1836 667 1871 Leipzig
684 1837 778 1872 bezog,
797 1837 920 1871 gewinnt

228 1856 311 1902 nelich
336 1874 369 1892 an
392 1869 595 1906 Ausdehnung,
615 1872 818 1906 hauptsächlich
836 1872 920 1899 durch

234 1895 419 1939 Vieltachen
435 1906 657 1940 Verbindungen,
676 1906 719 1932 die
732 1907 781 1932 mir
794 1915 841 1933 aus
854 1908 918 1935 mei-

217 1931 266 1985 Uch
285 1939 558 1968 Wissenschaftlichen
570 1941 776 1976 Zeitschriften,
796 1946 918 1968 nament-

218 1966 250 2016 61
258 1995 274 2021 0
300 1976 328 1993 er
340 1973 481 2011 „Gazette
508 1977 712 2003 hebdomadaire
728 1977 762 2003 de
780 1977 918 2003 médecine

216 2030 257 2053 S6
276 2003 467 2047 chirurgiets,
487 2011 604 2045 allseitig
618 2012 780 2038 erwachsen.
818 2012 851 2038 In
869 2021 918 2038 un-

214 2060 246 2087 -
258 2039 295 2060 em
325 2038 531 2081 beiderseitigen
568 2047 704 2073 Interesse
733 2046 842 2073 erlaube
872 2048 914 2073 ich

216 2070 260 2123 Ihr
275 2068 356 2101 daher
368 2078 420 2118 Sie
439 2089 472 2107 zu
490 2082 638 2116 ersuchen,
656 2082 742 2108 meine
761 2082 852 2108 Firma
870 2083 920 2108 auf

216 2109 278 2162 doo
301 2102 587 2155 Auslieferungslisten
612 2125 646 2143 au
668 2120 778 2151 setzen,
802 2118 854 2143 mir
870 2119 915 2159 Je-

218 2138 262 2194 Wej
304 2149 464 2183 unvenlangt
492 2153 581 2179 nichts
609 2161 646 2179 au
670 2153 786 2186 senden,
818 2152 852 2178 da
874 2153 918 2179 ich

240 2175 315 2201 einen
329 2178 433 2210 Bedarf
447 2185 534 2213 selbst
551 2187 658 2214 wählen
676 2188 778 2216 werde.

216 2239 246 2260 20
306 2212 373 2242 aben
382 2218 432 2246 Sie
444 2220 488 2247 die
501 2222 583 2254 Güte,
600 2222 650 2248 mir
661 2222 741 2249 Ihren
755 2222 918 2249 Intschluss

263 2243 396 2278 Tkennen
416 2263 448 2281 zu
463 2257 551 2290 geben
570 2257 625 2282 und
644 2258 693 2283 mir
711 2258 803 2284 ferner
814 2257 917 2284 Behufs

254 2280 336 2308 Wahl
359 2287 446 2316 mren
463 2293 730 2328 Verlagskatalog
747 2300 782 2320 zu
804 2293 917 2320 senden.

280 2311 324 2342 Ieh
343 2319 459 2351 benutze
476 2327 520 2353 die
567 2327 732 2361 elegenheit,
757 2327 803 2353 Sie
820 2328 916 2354 aufzu-

217 2354 328 2402 keiteu
344 2357 394 2397 mir
411 2368 465 2386 von
485 2362 564 2388 Ihren
584 2362 789 2388 medicinischen
810 2353 915 2408 Neuig-

215 2388 328 2437 mein..
346 2388 491 2429 Exemplar
508 2397 592 2432 gratis
612 2404 659 2424 zur
665 2397 870 2432 Besprechung
878 2406 915 2438 in

216 2439 230 2465 0
263 2422 309 2444 ner
316 2424 376 2467 dehr
386 2430 564 2458 verbreiteten
572 2432 707 2465 „Gazette
712 2432 916 2459 hebdomadaire

217 2452 314 2517 Rerrns
334 2464 429 2488 Linett
458 2466 541 2493 durch
569 2467 683 2509 meinen
700 2460 917 2514 Commissionär,

214 2515 326 2552 machen.
359 2503 416 2524 anz
433 2499 570 2536 Wagner
586 2510 614 2527 in
635 2504 760 2537 Leipziy,
784 2511 818 2529 zu
836 2503 915 2529 über-⸗

280 2555 330 2586 Mit
337 2566 546 2598 vollkommener
551 2572 708 2598 Hochachtu
713 2572 865 2606 ngzeichne
872 2572 915 2599 ich

514 2615 585 2641 ganz
604 2608 750 2641 ergebenst.

579 2642 708 2669 Vietor
724 2642 880 2670 Masson.

218 2671 302 2725 16817.

304 2691 749 2760 Verlags-Verkauf.

280 2740 337 2803 5r
362 2749 544 2793 beabſichtigen
569 2763 660 2791 unſern
684 2760 857 2794 ſaͤmmtlichen
876 2759 915 2787 aͤl⸗

280 2780 380 2842 Edenre
396 2795 432 2814 im
446 2790 555 2825 Ganzen
574 2793 707 2830 billig
681 2784 711 2835 ſt
722 2804 752 2831 zu
768 2796 914 2829 verkaufen.

213 2833 264 2867 dem
287 2814 380 2874 —
405 2823 464 2855 auch
484 2826 522 2852 die
542 2826 657 2863 Artikel,
680 2832 770 2864 welche
794 2832 843 2859 wir
866 2835 914 2859 aus

214 2857 333 2911 nahmen.
470 2859 674 2896 Mocker'ſchen
698 2867 815 2902 Verlage
839 2865 914 2895 uͤber⸗

278 2915 392 2962 Katalog
411 2925 477 2960 ſteht
495 2934 526 2961 zu
546 2929 679 2960 Dienſten.

280 2949 386 2990 Leipzig,
406 2959 468 2987 Mai
488 2958 564 2987 1856.
613 2964 759 3001 Rein'ſche
779 2970 878 3004 Buchh.

216 2764 268 2798 tern

966 347 1066 382 16818.]
1104 349 1530 400 Leihbibliotheks⸗Antrag.

1032 400 1086 435 Fuͤr
1112 403 1183 429 einen
1209 404 1236 431 in
1256 406 1302 432 den
1321 408 1430 440 reiferen
1448 408 1554 441 Jahren
1572 408 1667 441 ſtehen⸗

962 437 1008 464 den
1033 436 1396 475 Buchhandlungs-Gehilfen
1421 442 1451 473 iſt
1476 444 1548 475 durch
1575 444 1667 471 Ueber⸗

962 471 1052 505 nahme
1074 473 1142 499 einer
1161 473 1204 505 ſich
1226 477 1272 508 gut
1292 478 1456 504 rentirenden
1470 474 1668 518 Leihbibliothek

961 507 988 534 in
1014 508 1083 534 einer
1102 507 1213 541 Haupt⸗
1238 517 1263 536 u.
1282 511 1524 545 Univerſitaͤtsſtadt
1544 514 1666 548 Bayerns

962 541 1134 609 —
1162 543 1285 578 geboten,
1312 547 1356 579 ſich
1382 547 1534 582 ſelbſtaͤndig
1563 557 1593 584 zu
1613 557 1667 577 ma⸗

990 584 1000 603 e

1003 585 1028 604 n.

1034 613 1086 640 Die
1108 613 1260 646 Bibliothek
1290 615 1384 649 beſteht
1408 617 1456 647 erſt
1481 619 1528 650 ſeit
1552 616 1667 658 wenigen

960 646 1074 682 Jahren,
1094 649 1190 676 rentirt
1209 650 1252 682 ſich
1275 651 1314 678 bis
1332 652 1388 685 jetzt
1404 653 1452 680 mit
1468 653 1532 687 4000
1548 656 1597 682 und
1614 657 1668 682 ent⸗

960 681 1017 715 haͤlt
1036 684 1081 710 den
1104 684 1219 716 neueſten
1240 686 1362 720 Leſeſtoff.
1400 689 1456 715 Der
1476 689 1620 722 Kaufpreis
1639 690 1668 720 iſt

961 718 1017 744 blos
1040 718 1144 749 1000.
1178 721 1314 753 Frankirte
1333 723 1425 755 Briefe
1447 727 1523 751 unter
1542 726 1585 752 der
1602 727 1667 758 Auf⸗

942 751 1047 785 ſchrift
1066 752 1095 779 L.
1112 753 1144 780 R.
1166 754 1296 787 befoͤrdert
1312 758 1350 784 die
1364 757 1461 791 Exped.
1483 760 1506 785 d.
1527 760 1574 787 Bl.

941 784 1266 837 I.s

992 856 1250 899 Leihbibliothek
1266 870 1310 900 zu
1334 859 1458 901 kaufen
1480 862 1642 913 gesucht!

960 919 1062 952 (6819.]
1101 919 1172 945 Eine
1189 928 1270 946 wenn
1285 921 1352 947 auch
1369 921 1445 948 nicht
1459 923 1668 958 umfangreiche,

958 962 988 979 so
1022 954 1090 980 doch
1118 955 1166 980 auf
1192 955 1236 981 die
1260 956 1378 983 Neuzeit
1404 958 1586 991 fortgeführte
1611 961 1667 986 und

960 989 1148 1023 guterhaltene
1174 991 1384 1018 Leihbibliother
1412 993 1480 1019 wird
1503 1002 1538 1020 zu
1567 995 1667 1022 kaufen

958 1024 1082 1058 gesucht.
1120 1026 1310 1053 Verzeichniss
1330 1028 1384 1053 und
1403 1028 1516 1062 Angabe
1530 1030 1578 1056 des
1591 1029 1666 1057 Prei-

958 1069 1001 1085 ses
1026 1060 1096 1087 wird
1121 1060 1204 1087 durch
1228 1061 1318 1098 Herrn
1337 1061 1385 1090 K.
1403 1064 1444 1090 F.
1466 1061 1613 1092 Köhler
1637 1067 1666 1092 in

957 1095 1071 1129 Leipzig
1090 1099 1170 1122 unter
1187 1097 1223 1122 K.
1244 1097 1280 1123 R.
1302 1100 1344 1124 25.
1366 1099 1484 1125 erbeten.

994 1226 1183 1287 Fertige
1212 1227 1396 1286 Bücher
1425 1240 1472 1278 u.
1502 1232 1537 1287 ſ.
1570 1237 1628 1280 w.

1084 1335 1128 1368 A.
1152 1332 1198 1376 H.
1221 1332 1386 1376 Layard's
1408 1335 1538 1372 Werke.

959 1385 1060 1418 (6820.]
1098 1387 1147 1416 Im
1170 1387 1286 1421 Verlage
1305 1389 1348 1415 der
1366 1388 1590 1421 Unterzeichneten
1606 1389 1663 1422 ſind

992 1422 1130 1454 erſchienen
1156 1422 1206 1449 und
1235 1421 1320 1457 ſtehen
1348 1423 1374 1450 in
1398 1423 1535 1457 beliebiger
1562 1424 1662 1458 Anzahl

991 1456 1006 1480 à
1026 1457 1166 1484 Condition
1186 1465 1216 1490 zu
1236 1458 1375 1492 Dienſten:

954 1499 1080 1538 Layard,
1110 1501 1147 1531 A.
1178 1501 1235 1540 H.,
1266 1504 1394 1544 Niniveh
1424 1506 1482 1536 und
1514 1505 1660 1545 Babylon.

998 1544 1088 1583 Nebſt
1104 1546 1310 1587 Beſchreibung
1333 1550 1418 1589 ſeiner
1433 1547 1536 1587 Reiſen
1561 1550 1590 1581 in
1608 1549 1660 1582 Ar⸗

996 1592 1122 1627 menien,
1140 1590 1292 1629 Kurdiſtan
1306 1595 1364 1624 und
1381 1595 1425 1624 der
1441 1590 1549 1632 Wuͤſte.
1565 1593 1660 1625 Ueber⸗

997 1635 1052 1673 ſetzt
1070 1642 1124 1666 von
1147 1635 1192 1666 Dr.
1229 1634 1246 1675 IJ.
1268 1635 1330 1675 Th.
1349 1635 1488 1673 Zenker.
1521 1636 1585 1669 Mit
1601 1640 1662 1670 dem

996 1676 1118 1716 Bildniß
1141 1679 1187 1710 des
1211 1678 1384 1719 Verfaſſers,
1414 1681 1503 1712 vielen
1528 1680 1661 1720 Illuſtra⸗

996 1723 1092 1753 tionen
1109 1724 1167 1754 und
1184 1723 1249 1761 zwei
1263 1722 1380 1754 Karten.
1400 1733 1440 1762 gr.
1457 1724 1486 1755 8.
1507 1726 1567 1764 geh.
1584 1726 1603 1754 6
1619 1724 1658 1764 .

953 1788 994 1793 —
1006 1774 1132 1812 Niniveh
1146 1778 1204 1807 und
1213 1776 1283 1813 ſeine
1290 1774 1450 1814 Ueberreſte.
1468 1775 1559 1815 Nebſt
1570 1779 1660 1809 einem

995 1817 1108 1851 Bericht
1128 1816 1194 1849 uͤber
1218 1820 1298 1851 einen
1320 1817 1428 1856 Beſuch
1442 1818 1492 1857 bei
1506 1821 1567 1857 den
1590 1821 1660 1858 chal—⸗

996 1860 1118 1899 daͤiſchen
1142 1859 1269 1898 Chriſten
1297 1862 1327 1891 in
1350 1860 1503 1899 Kurdiſtan
1526 1864 1584 1894 und
1608 1865 1658 1894 den

994 1903 1087 1942 Jezidi
1110 1905 1170 1934 oder
1190 1903 1458 1942 Teufelsanbetern,
1480 1907 1560 1944 ſowie
1585 1908 1659 1938 einer

994 1944 1197 1990 Unterſuchung
1214 1944 1288 1981 uͤber
1302 1947 1342 1976 die
1357 1945 1462 1979 Sitten
1478 1950 1536 1980 und
1548 1947 1659 1990 Kuͤnſte

994 1992 1038 2019 der
1061 1990 1135 2019 alten
1160 1988 1291 2028 Aſſyrier.
1322 1987 1445 2028 Deutſch
1472 2000 1529 2022 von
1552 1992 1596 2022 Dr.
1614 1991 1656 2023 N.

993 2030 1036 2062 N.
1055 2029 1106 2062 W.
1120 2030 1302 2068 Meißner.
1320 2031 1348 2061 2.
1368 2034 1462 2072 wohlf.
1482 2033 1574 2073 Ausg.
1594 2033 1659 2065 Mit

994 2070 1035 2104 94
1050 2073 1284 2112 Illuſtrationen,
1298 2073 1320 2102 6
1336 2074 1469 2113 Plaͤnen,
1486 2078 1560 2108 einer
1574 2077 1658 2108 Karte

994 2125 1022 2147 u.
1044 2118 1134 2148 einem
1159 2116 1318 2155 Nachtrage
1348 2125 1403 2150 von
1427 2119 1509 2158 Prof.
1539 2121 1585 2151 Dr.
1616 2118 1655 2151 G.

994 2158 1214 2199 Seyffarth,
1236 2158 1304 2190 uͤber
1319 2160 1360 2190 die
1378 2159 1552 2200 aͤgyptiſchen
1567 2162 1656 2195 Alter⸗

994 2200 1104 2240 thuͤmer
1132 2204 1163 2234 in
1195 2202 1322 2233 Nimrud
1347 2206 1405 2235 und
1430 2207 1480 2236 das
1506 2205 1584 2246 Jahr
1614 2207 1658 2237 der

994 2243 1159 2285 Zerſtoͤrung
1182 2243 1350 2283 Niniveh's.
1382 2256 1423 2286 gr.
1447 2248 1476 2279 8.
1505 2251 1565 2288 geh.
1592 2249 1610 2280 2

994 2288 1033 2318 15
1050 2288 1122 2327 No.

951 2354 992 2358 —
1005 2337 1152 2377 populaͤrer
1164 2338 1278 2373 Bericht
1292 2334 1360 2369 uͤber
1374 2341 1414 2371 die
1422 2340 1656 2381 Ausgrabungen

994 2391 1026 2421 zu
1041 2381 1180 2420 Niniveh.
1200 2379 1289 2418 Nebſt
1304 2380 1348 2411 der
1356 2380 1562 2425 Beſchreibung
1580 2387 1656 2417 eines

992 2422 1132 2463 Beſuches
1149 2425 1189 2456 bei
1208 2425 1258 2455 den
1276 2422 1456 2466 chaldaͤiſchen
1476 2427 1602 2467 Chriſten
1626 2429 1656 2458 in

992 2466 1144 2504 Kurdiſtan
1166 2468 1224 2498 und
1250 2466 1300 2496 den
1322 2464 1414 2505 Jezidi
1443 2472 1504 2503 oder
1525 2470 1655 2510 Teufels⸗

992 2510 1136 2542 anbetern.
1164 2509 1243 2546 Nach
1260 2509 1320 2538 dem
1337 2508 1468 2547 groͤßeren
1486 2512 1584 2546 Werke
1600 2521 1656 2544 von

992 2553 1051 2589 ihm
1066 2553 1142 2591 ſelbſt
1155 2549 1308 2591 abgekuͤrzt.
1332 2550 1454 2593 Deutſch
1474 2563 1528 2588 von
1545 2558 1592 2588 Dr.
1611 2554 1654 2586 N.

992 2594 1034 2626 N.
1060 2594 1110 2627 W.
1133 2595 1313 2631 Meißner.
1349 2593 1415 2626 Mit
1440 2599 1510 2630 allen
1526 2600 1654 2638 Kupfern

993 2640 1040 2669 des
1052 2637 1183 2676 groͤßeren
1206 2636 1330 2669 Werkes.
1368 2647 1408 2677 gr.
1434 2640 1462 2671 8.
1493 2644 1554 2681 geh.
1596 2642 1602 2671 1
1624 2637 1655 2679 5

995 2680 1032 2711 15
1048 2680 1121 2720 Nof.

1020 2749 1075 2781 Auf
1092 2748 1168 2781 feſte
1193 2745 1368 2781 Rechnung
1386 2748 1451 2783 ſteht
1470 2758 1500 2785 zu
1518 2750 1654 2783 Dienſten:

951 2793 1120 2830 Portrait
1134 2802 1189 2824 von
1207 2792 1243 2823 A.
1259 2789 1298 2830 H.
1318 2790 1470 2831 Layard.
1489 2796 1568 2835 Nach
1582 2796 1654 2827 einer

992 2844 1048 2868 von
1060 2838 1119 2875 ihm
1130 2836 1326 2875 eingeſandten
1336 2834 1556 2880 Photographie.
1574 2848 1614 2878 gr.
1624 2837 1652 2868 8.

993 2881 1087 2918 chineſ.
1106 2879 1211 2918 Papier
1228 2877 1268 2907 10
1283 2876 1355 2916 Naf.

1019 2929 1168 2963 Leipzig,
1186 2928 1220 2954 im
1240 2926 1302 2953 Mai
1323 2926 1399 2953 1856.

1254 2967 1311 3008 Dyk
1327 2967 1384 3008 ſche
1405 2972 1620 3008 Buchhandlung.

1690 357 1816 391 16821]
1891 361 1963 399 Nur
1992 365 2049 411 auf
2073 364 2270 417 Verlangen!

1773 419 1813 448 In
1837 424 1953 453 unſerem
1971 423 2084 457 Verlage
2111 424 2141 457 iſt
2166 427 2254 458 ſoeben
2275 425 2411 467 erſchienen

1704 453 1753 478 und
1774 452 1846 483 wird
1864 462 1920 485 nur
1940 456 1993 490 auf
2006 456 2175 495 Verlangen
2196 461 2346 496 verſandt:

1804 496 2314 556 Reminiſcenzen

2040 556 2090 582 und

1917 591 2200 647 Charakterzüge

1704 646 1789 679 aus
1816 643 1909 683 dem
1942 647 2092 688 Leben
2119 651 2369 690 Nicolaus
2392 659 2414 693 J.

1872 698 1932 736 Fuͤr
1944 700 2071 737 Freunde
2083 704 2238 744 Rußlands

2038 752 2083 770 von

1902 772 1948 809 C.
1971 776 2013 810 A.
2038 778 2078 813 T.
2103 780 2214 817 Bade.

1702 813 1737 854 kl.
1753 812 1778 839 8.
1817 814 1850 839 10
1866 816 1958 857 Bogen
1980 821 2084 855 elegant
2106 826 2280 858 ausgeſtattet
2308 841 2340 845 —
2370 828 2417 861 auf

1703 848 1817 881 feinſtem
1839 850 2080 885 Velin⸗Papier
2060 848 2078 895 —
2097 860 2176 891 Preis
2197 861 2252 895 geh.
2271 861 2318 887 22½
2361 863 2415 897 S

1704 885 1774 916 ord.
1823 886 1854 911 17
1868 887 1926 927 Sg
1953 895 2010 922 no.,
2042 892 2082 919 15
2097 892 2154 928 S
2167 894 2248 925 baar.
2284 898 2360 925 Eleg.
2372 906 2414 933 ge⸗

1720 920 1820 948 bunden
1838 926 1888 948 mit
1906 923 2069 957 Goldſchnitt
2086 930 2137 956 und
2157 930 2227 962 ſchoͤn
2247 934 2398 968 verziertem

1808 957 1898 985 Deckel
1919 959 1962 990 15
1980 962 2045 997 ord.,
2066 962 2138 998 22½
2154 964 2212 1000 Sol
2228 967 2310 997 baar.

1702 989 1968 1029 Pracht⸗-Ausgabe
2003 999 2062 1030 auf
2084 999 2238 1033 feinſtem
2264 1005 2416 1037 Kupfer⸗

1703 1026 1941 1062 druck-Papier
1956 1032 1990 1059 in
2009 1032 2268 1067 Pracht⸗Einband
2284 1041 2330 1071 25
2349 1042 2414 1075 ord./

1916 1066 1968 1099 15
1984 1068 2022 1096 15
2040 1067 2098 1104 S˙
2116 1069 2198 1101 baar.

1810 1096 1880 1158 Nur
1897 1108 2030 1146 geheftete
2048 1106 2172 1148 Exempl.
2189 1109 2300 1143 koͤnnen
2319 1114 2369 1144 wir
2383 1113 2414 1143 in

1808 1149 1932 1187 maͤßiger
1950 1149 2063 1190 Anzahl
2082 1153 2096 1180 à
2115 1152 2205 1185 Cond.
2231 1156 2346 1192 liefern;
2370 1164 2413 1193 ge⸗

1809 1188 1940 1223 bundene
1968 1192 2132 1230 Exemplare
2156 1206 2212 1228 nur
2234 1206 2322 1235 gegen
2346 1197 2415 1230 baar

1808 1237 1842 1266 zu
1852 1234 1908 1264 den
1924 1235 2112 1273 angefuͤhrten
2128 1237 2255 1274 Preiſen.

1852 1273 1900 1305 An
1917 1274 2156 1315 Freieremplaren
2172 1281 2268 1316 liefern
2294 1282 2345 1312 wir
2368 1291 2413 1320 ge⸗

1849 1325 1903 1354 gen
1921 1317 1989 1348 baar
2005 1316 2108 1355 13/12,
2128 1319 2220 1358 28/25
2241 1330 2270 1352 u.
2287 1325 2307 1359 ſ.
2325 1330 2360 1354 w.
2378 1325 2408 1354 in

1846 1358 1918 1392 jeder
1927 1357 2072 1397 Ausgabe.

1806 1397 1869 1435 Auf
1879 1396 1899 1443 6
1926 1396 2006 1438 Expl.
2028 1411 2114 1441 gegen
2146 1403 2214 1434 baar
2236 1405 2332 1443 liefern
2356 1408 2408 1439 wir

1804 1441 1820 1471 1
1834 1441 1954 1482 Inſerat
1975 1446 2028 1483 auf
2093 1445 2210 1484 Koſten;
2237 1450 2291 1486 auf
2311 1447 2404 1488 13/12

1804 1483 1884 1524 Expl.
1904 1494 1992 1525 gegen
2008 1487 2077 1518 baar
2095 1488 2190 1526 liefern
2216 1491 2266 1521 wir
2285 1491 2301 1521 1
2319 1490 2407 1530 Inſe⸗

1803 1533 1848 1559 rat
1864 1530 1916 1567 auf
1930 1531 2026 1567 unſere
2044 1530 2156 1569 Koſten.

1766 1569 1871 1603 Dieſem
1899 1570 2034 1604 Werkchen
2065 1573 2130 1601 wird
2160 1573 2223 1607 ohne
2249 1575 2356 1609 Zweifel
2376 1591 2409 1596 —

1698 1607 1783 1639 zumal
1796 1608 1872 1634 unter
1889 1607 1936 1635 den
1948 1607 2050 1643 jetzigen
2064 1608 2260 1643 Verhaͤltniſſen
2274 1626 2306 1630 —
2319 1612 2346 1640 in
2362 1613 2410 1641 den

1697 1640 1806 1675 hoͤheren
1832 1643 1882 1671 und
1907 1642 2019 1678 hoͤchſten
2046 1646 2153 1680 Kreiſen
2180 1648 2234 1675 eine
2260 1650 2320 1681 gute
2346 1649 2409 1684 Auf⸗

1698 1678 1790 1713 nahme
1802 1686 1839 1714 zu
1853 1679 1931 1715 Theil
1950 1682 2061 1715 werden,
2076 1684 2127 1710 und
2144 1682 2258 1715 moͤchten
2272 1684 2410 1718 Handlun⸗

1698 1712 1760 1749 gen,
1779 1715 1818 1743 die
1836 1713 1880 1748 ſich
1903 1718 2004 1751 ſpeciell
2027 1715 2104 1751 dafür
2128 1718 2295 1754 verwenden,
2324 1722 2408 1755 gewiß

1697 1750 1769 1777 einen
1913 1760 1928 1784 6
1947 1753 2033 1787 Abſatz
2051 1755 2168 1788 erzielen.

1846 1788 1905 1821 Die
1917 1789 1986 1824 oben
2003 1792 2144 1829 offerirten
2159 1790 2291 1830 Freiexpl.
2308 1793 2408 1830 liefern

1846 1834 1897 1864 wir
1918 1831 2020 1869 Ihnen
2044 1834 2109 1870 auch
2131 1835 2225 1869 dann,
2248 1841 2332 1864 wenn
2348 1833 2408 1865 Sie

1844 1875 1912 1911 nach
1928 1875 1986 1904 und
2002 1875 2068 1911 nach
2084 1876 2126 1906 die
2143 1876 2326 1912 erforderliche
2344 1875 2406 1919 An⸗

1846 1918 1907 1956 zahl
1926 1914 2006 1952 Expl.
2033 1925 2144 1955 gegen
2169 1916 2259 1948 baar
2285 1917 2402 1956 bezogen

1843 1959 1942 1997 haben.

1764 2001 1856 2035 Haben
1877 2000 1929 2027 Sie
1949 1999 1987 2025 die
2008 1996 2089 2031 Guͤte,
2110 2002 2160 2025 uns
2176 1998 2245 2032 Ihre
2258 1999 2404 2032 Beſtellun⸗

1696 2042 1752 2071 gen
1762 2033 1890 2071 moͤglichſt
1907 2033 1996 2072 ſchnell
2014 2032 2126 2067 zugehen
2145 2040 2176 2066 zu
2195 2035 2284 2067 laſſen.

1859 2075 2109 2111 Hochachtungsvoll
2130 2076 2258 2110 ergebenſt

1820 2118 1997 2149 Literatur⸗
2016 2117 2045 2146 &
2064 2117 2371 2155 Kunſt⸗Comptoir

2024 2154 2052 2182 in
2062 2154 2166 2182 Berlin.

1696 2224 1797 2260 10822.
1833 2222 1886 2250 Bei
1896 2203 1960 2249 mir
1966 2203 2005 2252 iſt
2019 2204 2240 2256 erſchtenen:

1886 2269 2006 2312 Ueber
2035 2269 2204 2315 Orkane.

1693 2331 1762 2363 Von
1776 2328 1858 2368 Capt.
1876 2329 1916 2360 V.
1935 2336 1961 2359 v.
1979 2327 2128 2368 Graefe.
2146 2347 2188 2352 —
2204 2334 2263 2372 geb.
2280 2335 2321 2367 20
2336 2334 2400 2373 Sot

2018 2374 2073 2403 ord.

1760 2412 1812 2441 Bei
1830 2411 1875 2446 7/6
1893 2412 1940 2445 feſt
1959 2413 2018 2447 gebe
2038 2414 2072 2447 ich
2086 2416 2126 2443 ein
2137 2417 2250 2452 Inſerat
2266 2418 2309 2451 fuͤr
2320 2417 2400 2455 meine

1692 2444 1840 2487 Rechnung.

1898 2481 1981 2512 Otto
1999 2483 2154 2520 Meiſiner
2174 2489 2200 2516 in
2219 2486 2363 2521 Hamburg.

1692 2566 1793 2600 16823.]]
1898 2564 1988 2609 Neue
2015 2568 2188 2613 Oelbilder.

1695 2618 1824 2649 Thinun's
1858 2620 2009 2653 Oelbilder.
2054 2628 2104 2658 No.
2134 2626 2186 2656 79.
2232 2619 2396 2649 Erndteneit.

1732 2662 1849 2697 Oval-4.
1888 2666 1929 2697 13
1946 2668 1995 2707 8%
2009 2671 2143 2700 baar.

1761 2705 1822 2732 Von
1842 2707 1936 2735 diesen
1955 2711 2018 2737 sehr
2035 2708 2168 2747 beliebten
2178 2698 2396 2744 Cenrestücken

1690 2739 1752 2767 sind
1769 2741 1840 2775 jetzt
1858 2744 1890 2771 10
1908 2745 2079 2776 erschienen,
2110 2741 2152 2766 die
2177 2737 2222 2777 ich
2246 2741 2395 2760 Zzusammen

1691 2784 1848 2810 genommen
1868 2780 1913 2807 für
1930 2781 1978 2813 3%
1996 2781 2028 2806 10
2046 2778 2094 2812 S
2113 2771 2246 2815 expedire.

1691 2811 1814 2854 Barter,
1856 2819 1912 2847 Das
1939 2813 2102 2848 Treibhaus,
2126 2818 2169 2838 ein
2192 2808 2396 2840 Blumenstück.

1755 2869 1778 2888 r.
1792 2861 1850 2890 Fol.
1948 2857 2020 2894 10
2007 2856 2048 2899 8%½
2047 2856 2184 2896 baar.
2304 2890 2381 2899 ——

1734 2867 1830 2928 Eiine
1859 2859 1928 2927 der
1934 2860 2078 2926 achhnkien
2106 2889 2256 2923 Oehler,
2282 2889 2328 2917 die
2354 2892 2398 2920 his

1688 2936 1760 2969 jetzt
1772 2936 1937 2963 erschienen.

1760 2971 1885 2998 London.
2067 2957 2100 3006 F.
2098 2944 2190 2987 ranz
2206 2959 2360 2991 Thimm.
