2776 3302
226 188 274 222 N
288 194 337 234 69,
358 197 408 228 30.
424 196 508 230 Mai.

919 199 1122 247 Börſenblatt
1140 203 1192 249 für
1209 203 1266 240 den
1282 204 1436 253 deutſchen
1455 206 1668 254 Buchhandel.

2252 217 2324 254 989

247 307 366 363 Neues
400 313 556 362 däniſches
590 315 802 365 Sprachbuch.

186 347 281 396 16835.
319 363 367 391 Im
388 362 646 400 Verlagsbureau
671 368 696 394 in
724 368 822 394 Altona
846 375 883 396 er⸗

185 382 270 427 ſcheint
288 397 384 431 ſoeben,
406 401 470 427 wird
490 402 552 428 aber
570 410 630 429 nur
647 404 704 434 auf
730 403 884 430 Verlan⸗

186 426 238 452 Len
257 432 370 466 gefandt,
388 435 418 462 da
434 439 460 463 es
477 444 526 463 nur
540 435 582 470 fuͤr
594 438 694 471 gewiſſe
707 438 886 472 Landestheile

206 461 306 497 utereſſe
326 466 388 500 hat:

204 493 454 552 Elementarbuch
473 512 525 545 der
542 509 697 557 däniſchen
716 509 863 553 Sprache.

312 556 340 586 8.
375 558 393 588 5
407 559 511 598 Bogen
536 560 632 599 broſch.
654 560 673 589 6
688 559 760 600 Shf.

185 616 220 644 be
246 590 262 616 à
280 594 360 624 Cond.
380 601 429 627 mit
444 599 547 633 33½395,
568 608 646 634 gegen
668 601 729 628 baar
749 603 798 629 mit
810 603 884 636 5000,

202 626 221 648 en
238 625 358 660 Partieen
376 635 392 659 à
410 635 458 669 2½
475 635 530 669 S
547 636 618 669 baar,
640 643 713 663 wenn
733 638 764 670 ſie
785 639 884 672 gleich

186 653 275 689 beſtellt
293 669 402 696 werden.

185 738 209 772 2
248 713 344 751 Früher
365 722 488 754 erſchien:

210 752 302 790 ubrey,
329 756 560 796 Elementarbuch
582 768 629 797 zur
652 759 814 800 Erlernung
840 763 884 792 der

188 825 202 854 5
224 798 292 831 engl.
311 798 448 839 Sprache.
482 801 511 832 3.
530 801 662 840 Auflage.
691 803 741 839 7½
758 803 829 842 Shol.

204 836 215 858 e
229 831 348 879 Caſtres,
372 843 456 881 Prof.,
474 842 706 882 Elementarbuch
731 848 774 877 der
792 848 880 885 franz.

223 872 352 924 Sprache.
378 887 428 923 7½
446 885 518 924 S.

186 912 232 959 und
242 916 320 952 bitten
340 927 389 955 wir
408 935 438 961 zu
459 928 608 961 verlangen.

188 972 278 1019 lossa]
297 992 432 1030 —Nur
448 994 516 1036 hier
534 996 764 1040 angezeigt.=

250 1035 320 1069 Allen
338 1045 468 1078 deutſchen
488 1047 537 1073 und
557 1046 748 1080 ausländiſchen
768 1049 880 1082 Firmen,

216 1069 296 1104 welche
316 1082 522 1115 unverlangt
546 1082 624 1109 Nova
638 1082 788 1116 annehmen,
808 1086 880 1117 ſand⸗

218 1102 256 1143 ten
262 1111 334 1139 wir:

205 1141 264 1169 raité
282 1151 404 1187 pratique
422 1153 470 1180 des
487 1153 643 1188 propriétés
669 1154 804 1181 ouratives
832 1155 881 1182 des

222 1188 284 1215 eaux
298 1192 444 1223 thermales
460 1196 501 1223 sul
506 1196 628 1223 fureuses
637 1193 882 1224 dA1αLa-Cha-

220 1226 281 1259 helle
296 1238 322 1262 et
338 1237 373 1266 dqu
390 1238 470 1267 mode
486 1239 520 1266 de
536 1239 594 1267 leur
608 1238 708 1274 emploi
725 1245 774 1273 par
790 1239 817 1266 le
834 1240 880 1269 Dr.

274 1271 403 1317 Metlar,
422 1282 544 1308 médecin
561 1290 614 1307 aux
642 1289 711 1307 eaux
729 1280 881 1307 d'AixLa-

222 1304 356 1364 Ghapelle,
384 1326 502 1352 membre
535 1325 568 1351 de
596 1323 738 1359 plusieurs
762 1323 881 1349 sociétés

223 1358 353 1390 savantes.
379 1367 454 1396 Preis
474 1367 512 1398 15
530 1369 578 1408 SYε
597 1377 630 1398 m.
647 1367 676 1404 ½
688 1366 792 1395 Rabatt.

188 1420 222 1449 wi
246 1395 429 1443 Handlungen,
453 1409 542 1441 welche
574 1408 647 1443 ihren
676 1409 778 1438 Bedarf
805 1406 879 1441 ſelbſt

224 1425 286 1466 hlen,
304 1437 415 1470 belieben
435 1451 484 1472 von
504 1446 604 1479 Leipzig
624 1452 656 1479 zu
676 1445 824 1477 verlangen.

276 1476 332 1506 onn,
352 1477 413 1505 Mai
430 1480 504 1506 1856.

190 1532 408 1562 —
550 1513 662 1550 Henry
678 1513 705 1542 S
724 1512 844 1547 Cohen.

184 1547 433 1636 Rüereswwanegabe
460 1584 505 1612 der
532 1580 714 1622 Haydn'ſchen
740 1580 878 1624 Compoſi-

400 1624 493 1656 tionen
508 1627 660 1668 betreffend.

185 1649 302 1714 mr
324 1664 420 1693 meiner
441 1674 522 1697 neuen
550 1670 813 1704 Stereotypausgabe
836 1669 879 1696 der

201 1718 223 1740 5
240 1688 344 1758 erſten)
372 1699 580 1743 Compoſitionen
603 1707 690 1732 wurde
714 1707 757 1733 der
778 1704 878 1737 Schluß

185 1744 244 1778 trait
273 1728 314 1792 Tit
334 1732 492 1772 Abtheilung
518 1741 568 1767 Nr.
594 1740 695 1767 37—41
722 1741 792 1781 nebſt
810 1742 878 1773 Por⸗

184 1759 256 1818 Moͤr⸗
298 1766 344 1793 itel
362 1772 411 1798 und
432 1774 560 1809 Umſchlag
580 1776 621 1802 als
642 1775 748 1808 Praͤmie
775 1783 816 1803 am
836 1776 878 1802 20.

292 1801 360 1835 J.,
384 1808 458 1837 ſowie
482 1810 533 1837 Nr.
554 1811 584 1836 12
607 1812 651 1838 der
666 1812 690 1836 2.
710 1812 760 1838 und
779 1811 804 1837 3.
826 1812 877 1838 Ab⸗

208 1860 244 1886 ort
362 1837 382 1873 ſt
408 1842 533 1876 Praͤmien
551 1846 662 1874 unterm
681 1846 726 1872 14.
754 1837 802 1886 Mai
838 1848 878 1874 als

246 1859 335 1911 ſetzung
349 1868 480 1920 verſandt.

185 1905 300 1971 Begünſti
330 1909 419 1944 dieſem
445 1917 567 1945 Termine
592 1916 652 1951 hoͤrt
676 1917 714 1944 die
746 1917 878 1951 beſondere

184 1958 228 1986 mit
243 1966 274 1995 50
281 1946 378 1989 9gung,
388 1950 434 1982 daß
444 1952 478 1984 ich
487 1953 524 1980 die
533 1952 554 1978 I.
563 1952 720 1986 Abtheilung
728 1960 807 1986 gegen
817 1953 880 1994 baar

186 1976 280 2035 TFreie
326 1980 394 2010 Rab.
418 1988 556 2021 expedirte,
586 1990 644 2021 auf,
671 1988 757 2019 ebenſo
776 1989 824 2020 daß
844 1988 878 2019 ich

184 2022 254 2062 Exem
274 2011 393 2071 larnplar
413 2023 484 2055 auf
498 2023 570 2054 onach
590 2025 648 2050 und
669 2023 738 2066 nach
756 2023 879 2064 bezogene

186 2046 271 2106 gewöh
280 2046 324 2108 1ic
338 2052 452 2090 lieferte,
470 2059 521 2085 und
538 2060 622 2085 treten
636 2060 711 2091 dafuͤr
729 2061 784 2099 jetzt
798 2066 879 2099 meine

186 2078 360 2143 Conpoſirden
370 2089 652 2128 Rabattbedingungen
668 2093 726 2125 auch
742 2093 782 2120 bei
798 2094 879 2126 dieſen

186 2133 232 2163 nun
278 2111 382 2167 ſieionen
408 2126 462 2160 ein,
486 2127 592 2160 naͤmlich
618 2128 717 2163 33½
689 2122 719 2167 90
746 2129 772 2155 in
799 2129 878 2160 Rech⸗

287 2157 354 2217 —π5
379 2166 458 2200 gegen
481 2162 544 2190 baar
574 2165 624 2191 und
649 2166 661 2190 1
688 2164 879 2198 Freiexemplar

185 2190 341 2248 Erenplaref
368 2198 492 2224 einmal
517 2199 562 2230 feſt
590 2200 650 2226 oder
674 2200 737 2226 baar
756 2199 878 2233 bezogene

184 2246 270 2310 mungen
288 2242 354 2314 Seich
380 2266 482 2294 erlaube
506 2266 540 2298 ich
560 2268 610 2294 mir
628 2266 746 2301 hiermit,
768 2276 809 2295 um
830 2270 879 2299 Ir⸗

184 2301 219 2332 die
280 2293 348 2319 und
368 2297 524 2335 Aufenthalt
546 2303 572 2328 in
596 2303 639 2328 der
658 2302 812 2335 Expedition
837 2303 880 2336 fuͤr

184 2335 218 2367 die
234 2346 262 2379 Ha
280 2329 357 2383 Deoun
376 2338 534 2368 vermeiden,
554 2338 602 2368 daß
621 2337 655 2368 ich
676 2339 800 2371 nunmehr
820 2340 878 2370 auch

240 2359 278 2413 1ie
296 2364 388 2407 nſchen
401 2369 609 2405 Compoſitionen
620 2372 646 2399 in
661 2371 753 2400 Baͤnde
772 2374 879 2406 broſchi⸗

185 2403 258 2444 hove
274 2389 301 2438 5„
320 2398 394 2429 ſowie
413 2404 447 2436 ich
467 2407 521 2434 dies
538 2406 626 2439 fruͤher
646 2407 693 2435 mit
712 2409 758 2435 den
778 2408 878 2436 Beet⸗

183 2430 280 2482 gethan
294 2430 358 2460 ſchen
376 2440 427 2465 und
440 2441 655 2476 Mozart'ſchen
670 2442 878 2476 Compoſitionen

187 2459 358 2519 nächſticbabe,
374 2472 422 2504 daß
438 2475 472 2505 ich
488 2478 540 2509 alſo
560 2477 642 2504 bitten
662 2479 734 2511 muß,
754 2479 792 2506 bei
811 2481 877 2506 dem⸗

183 2495 252 2553 ſolche
270 2501 316 2554 in
336 2502 519 2544 Beſtellungen
538 2512 600 2544 ſtets
626 2520 656 2546 zu
674 2512 821 2545 bemerken,
849 2515 878 2541 ob

182 2531 303 2599 gewünſch
316 2541 492 2573 einzelnen
512 2537 623 2586 Heften
646 2549 704 2575 oder
719 2549 880 2582 broſchirt

182 2585 236 2613 oder
253 2599 301 2626 vol
328 2577 436 2615 werden.
474 2581 540 2613 Auch
553 2583 618 2609 kann
630 2583 664 2614 ich
677 2585 787 2617 einzelne
802 2585 878 2618 Hefte

182 2618 228 2646 nur
244 2627 266 2658 fe
300 2598 413 2667 ſtandige
427 2613 580 2648 Exemplare
596 2618 622 2644 in
643 2618 771 2652 einzelnen
782 2620 878 2652 Heften

252 2668 298 2696 von
315 2642 408 2678 iefern,
428 2654 548 2684 wogegen
568 2653 608 2679 ein
628 2653 770 2688 geheftetes
786 2655 878 2684 Exem⸗

203 2696 250 2721 enn
282 2704 292 2729 gl
310 2673 403 2721 Haydn
422 2690 483 2716 gern
498 2684 513 2709 à&
524 2686 608 2714 Cond.
626 2695 656 2723 zu
669 2689 790 2723 Dienſten
804 2690 877 2725 ſteht,

184 2708 281 2763 erfoigt
295 2705 420 2758 eichzeitig
442 2720 631 2751 entſprechende
649 2724 708 2757 feſte
728 2725 878 2761 Beſtellung

182 2756 280 2797 vorigen
326 2745 434 2792 Meinen
464 2754 711 2795 Muſikalienverlag
747 2765 796 2788 aus
823 2763 878 2789 dem

182 2786 206 2817 in
222 2797 276 2832 feſte
297 2780 346 2806 und
364 2783 470 2818 frühern
490 2788 594 2822 Jahren
613 2791 678 2822 kann
698 2780 739 2830 ich
752 2804 802 2824 nur
820 2797 878 2830 noch

278 2813 291 2833 r
308 2813 446 2855 Rechnung
466 2823 524 2850 oder
544 2830 623 2856 gegen
642 2827 706 2856 baar
724 2831 826 2864 liefern.

245 2869 277 2899 W
455 2852 596 2894 Ergebenſt

281 2878 446 2922 olfenbuͤttel,
466 2891 508 2916 22.
527 2891 589 2918 Mai
607 2894 680 2923 1856.

683 2930 719 2959 L.
739 2933 844 2968 Holle.

228 2939 495 3004 Dreiundzwanzigſter
518 2968 664 3007 Jahrgang.

925 318 1024 352 (6838.]
1065 321 1170 347 Soeben
1200 322 1320 357 erſchien,
1350 326 1413 352 wird
1443 327 1552 359 indeſſen
1581 334 1628 354 nur

959 356 1006 387 auf
1025 355 1174 388 Verlangen
1194 359 1326 389 verſandt:

921 397 1035 436 Klopp,
1052 399 1104 436 O.,
1114 401 1157 427 Dr.
1171 400 1250 436 phil.,
1259 401 1413 441 Geſchichte
1421 404 1628 442 Oſtfrieslands

964 449 1019 472 von
1053 441 1271 475 1570—1751.
1306 444 1352 482 (II.
1379 445 1485 483 Theil).
1506 457 1536 478 n.
1557 449 1574 479 2

966 484 1004 514 15
1024 484 1094 523 Nof.

990 525 1178 558 Handlungen,
1215 527 1304 559 welche
1328 528 1372 559 fuͤr
1396 530 1441 556 den
1478 531 1512 557 im
1543 531 1628 564 Jahre

922 559 990 584 1854
1009 560 1178 591 erſchienenen
1195 561 1218 585 I.
1240 562 1318 595 Theil
1336 565 1388 597 (die
1406 565 1548 597 Geſchichte
1568 567 1628 599 Oſt⸗

920 594 1062 626 frieslands
1083 595 1122 622 bis
1136 597 1214 628 1570)
1228 597 1312 631 Abſatz
1333 600 1458 632 gefunden
1479 600 1570 634 haben,
1589 609 1628 629 er⸗

920 629 988 661 ſuche
1008 637 1038 663 zu
1058 632 1206 665 verlangen.

1180 674 1367 708 Achtungsvoll

992 717 1142 752 Hannover,
1164 719 1206 743 24.
1228 718 1290 745 Mai
1311 720 1386 745 1856.

1325 753 1407 783 Carl
1423 753 1592 789 Rümpler.

918 817 1021 850 16839.]
1060 820 1100 849 In
1121 804 1274 856 Körner's
1294 804 1394 856 Verlag
1420 823 1446 849 in
1466 822 1563 855 Erfurt
1588 831 1626 851 er⸗

956 853 1048 884 ſchien:

909 888 1383 932 Haushalter,
1143 888 1193 932 C.,
1209 888 1383 932 Geſchichte
1412 888 1471 932 des
1488 888 1626 932 Mozart—

961 933 1136 965 Vereins.
1166 934 1344 975 Denkſchrift
1358 946 1406 975 zur
1422 936 1626 977 hundertjaͤhri⸗

959 986 1013 1015 gen
1030 976 1188 1015 Jubelfeier
1196 977 1355 1017 Mozart's,
1373 978 1548 1019 actenmaͤßig
1566 983 1625 1013 dar⸗

960 1019 1070 1058 geſtellt.
1101 1020 1184 1056 Preis
1209 1021 1248 1051 10
1265 1018 1328 1061 Sge
1348 1024 1400 1056 mit
1416 1024 1460 1060 ½,
1485 1025 1554 1055 baar
1575 1026 1626 1055 mit

959 1060 1046 1095 4090.

919 1134 1023 1167 (6840.]
1061 1136 1112 1163 Bei
1133 1135 1170 1164 C.
1190 1135 1419 1165 Bertelsmann
1438 1138 1463 1165 in
1480 1138 1625 1174 Guͤtersloh

918 1170 1038 1202 erſcheint
1062 1171 1163 1203 ſoeben,
1190 1172 1254 1198 wird
1282 1171 1343 1198 aber
1368 1179 1428 1199 nur
1454 1177 1517 1204 auf
1542 1175 1624 1202 Ver⸗

916 1205 1040 1237 langen
1072 1208 1205 1238 verſandt,
1237 1208 1286 1232 und
1317 1207 1408 1232 wollen
1440 1207 1622 1242 Handlungen,

916 1240 1006 1270 welche
1024 1240 1067 1271 ſich
1088 1240 1172 1273 Abſatz
1192 1241 1366 1273 verſprechen,
1387 1241 1414 1267 in
1436 1240 1552 1276 maͤßiger
1570 1245 1622 1270 An⸗

916 1273 974 1307 zahl
991 1274 1124 1306 beſtellen:

1046 1319 1115 1350 Das
1132 1318 1293 1358 Koͤnigliche
1313 1321 1495 1358 evangeliſche

931 1361 1300 1406 Schullehrer⸗Seminar
1309 1364 1358 1404 in
1385 1361 1595 1410 Petershagen

1171 1413 1198 1439 in
1218 1412 1368 1446 Weſtfalen.

916 1448 1029 1486 Bericht
1045 1447 1110 1480 uͤber
1123 1451 1172 1480 das
1189 1448 1337 1489 25faͤhrige
1352 1449 1490 1488 Beſtehen
1506 1452 1549 1482 der
1560 1450 1620 1483 An⸗

1088 1492 1150 1529 ſtalt
1163 1501 1208 1523 am
1222 1492 1251 1523 6.
1266 1491 1347 1531 April
1366 1491 1446 1522 1856

1246 1540 1294 1561 von

1012 1565 1140 1608 Friedr.
1158 1567 1378 1608 Vormbaum,
1397 1573 1526 1602 Director.

985 1609 1030 1645 5½
1050 1611 1142 1645 Bogen
1157 1612 1183 1639 in
1204 1620 1242 1647 gr.
1266 1614 1290 1639 4.
1322 1614 1354 1639 12
1374 1613 1430 1648 Se
1450 1615 1497 1642 mit
1515 1612 1552 1648 .

917 1685 1019 1720 16841.
1152 1687 1377 1737 Anzeige.

986 1739 1025 1769 In
1040 1739 1119 1773 Folge
1138 1740 1181 1766 der
1200 1740 1226 1767 in
1248 1741 1330 1773 letzter
1342 1741 1400 1771 Zeit
1418 1744 1441 1772 ſo
1461 1741 1548 1777 haͤufig
1568 1744 1621 1770 ein⸗

914 1781 1077 1808 gegangenen
1108 1773 1290 1809 Beſtellungen
1322 1777 1369 1808 auf
1396 1777 1434 1804 die
1466 1777 1618 1811 Supple⸗

914 1812 1020 1837 mente
1040 1816 1085 1844 zur
1102 1811 1187 1844 letzten
1208 1810 1318 1845 Auflage
1336 1817 1384 1839 von

1024 1857 1165 1905 Pierer's
1187 1858 1516 1911 Univerſal-Lerikon,

914 1910 1005 1942 compl.
1024 1909 1051 1936 in
1070 1908 1086 1933 3
1102 1909 1322 1942 Doppelbaͤnden,
1340 1910 1370 1941 iſt
1387 1915 1438 1939 uns
1457 1913 1500 1940 der
1514 1911 1552 1938 II.
1571 1914 1620 1940 und

914 1944 964 1970 III.
992 1944 1070 1971 Band
1096 1947 1288 1979 ausgegangen.
1333 1945 1398 1973 Eine
1422 1955 1484 1975 neue
1511 1949 1621 1983 Auflage

914 1980 943 2011 iſt
962 1979 1043 2011 jedoch
1071 1978 1166 2006 bereits
1191 1984 1267 2008 unter
1294 1981 1336 2007 der
1354 1978 1450 2018 Preſſe
1464 1985 1514 2010 und
1536 1983 1621 2018 hoffen

914 2015 963 2041 wir
984 2014 1076 2040 binnen
1098 2015 1210 2048 Kurzem
1231 2016 1269 2042 die
1289 2015 1334 2046 feſt
1353 2018 1402 2044 und
1420 2018 1482 2045 baar
1502 2021 1621 2054 verlang⸗

915 2055 956 2076 ten
980 2049 1134 2081 Exemplare
1160 2051 1289 2082 expediren
1318 2057 1347 2089 zu
1374 2051 1480 2080 können.
1526 2055 1581 2082 Der
1599 2054 1620 2080 J.

914 2084 992 2111 Band
1012 2090 1060 2111 von
1074 2084 1155 2116 dieſen
1172 2086 1381 2120 Supplementen
1395 2088 1460 2122 ſteht
1476 2089 1501 2116 in
1518 2088 1620 2121 maͤß
1592 2084 1620 2122 i⸗

916 2127 969 2154 ger
990 2118 1116 2153 Anzahl
1135 2120 1150 2144 à
1175 2121 1255 2147 Cond.
1274 2128 1304 2153 zu
1324 2121 1447 2154 Dienſten
1467 2125 1516 2151 und
1538 2125 1620 2153 bitten

914 2156 965 2182 wir
983 2162 1026 2181 um
1045 2153 1112 2188 Ihre
1132 2156 1230 2187 fernere
1250 2153 1351 2189 thaͤtige
1370 2158 1564 2195 Verwendung.

984 2190 1034 2217 Bei
1054 2192 1132 2219 dieſer
1152 2191 1322 2224 Gelegenheit
1350 2195 1471 2222 erlauben
1492 2196 1540 2223 wir
1559 2199 1619 2230 uns,

914 2225 1004 2258 Ihnen
1031 2226 1069 2252 die
1095 2226 1286 2260 Supplemente
1312 2229 1359 2260 auf
1378 2229 1552 2264 Druckpapier
1571 2232 1620 2259 und

914 2261 1266 2295 Maſchinen-Velinpapier,
1294 2268 1339 2294 zur
1360 2264 1382 2289 1.
1400 2267 1450 2291 und
1464 2268 1489 2292 2.
1510 2267 1620 2300 Auflage

914 2297 958 2322 des
979 2296 1192 2326 Univ.⸗Lexikons
1223 2294 1362 2330 gehörend,
1393 2300 1435 2327 ins
1462 2301 1620 2334 Gedaͤchtniß

914 2329 1124 2365 zuruͤckzurufen,
1148 2339 1197 2359 von
1218 2333 1296 2358 denen
1315 2332 1353 2359 die
1372 2334 1506 2368 fehlenden
1526 2336 1619 2365 Baͤnde

914 2366 1007 2392 wieder
1027 2368 1202 2400 nachgedruckt
1222 2366 1282 2398 ſind.

983 2402 1144 2436 Altenburg,
1164 2403 1198 2429 im
1218 2401 1279 2428 Mai
1298 2401 1371 2428 1856.

1063 2438 1311 2471 Verlagshandlung
1332 2435 1376 2470 H.
1397 2438 1438 2467 A.
1458 2441 1585 2473 Pierer.

915 2518 1014 2551 (6842.]
1053 2519 1141 2546 Heute
1162 2519 1324 2547 versandten
1343 2521 1394 2546 wir
1413 2523 1460 2549 Nr.
1482 2527 1497 2551 6
1515 2526 1568 2554 der.

951 2560 1145 2603 Zeitschrift
1171 2562 1226 2603 für
1243 2561 1451 2614 homöopath.
1468 2566 1580 2610 Klinik

914 2612 953 2638 als
977 2612 1046 2638 Rest
1067 2622 1115 2647 pro
1144 2617 1165 2642 I.
1192 2613 1306 2646 Quartal
1332 2615 1406 2642 1856.
1447 2619 1504 2646 Wir
1522 2622 1618 2654 bitten,

914 2648 956 2673 die
975 2648 1056 2673 durch
1074 2649 1223 2677 besondere
1237 2648 1384 2676 Umstände
1404 2652 1619 2690 herbeigeführte

913 2683 1107 2718 Verzögerung
1126 2685 1172 2712 des
1192 2684 1373 2711 Erscheinens
1392 2687 1482 2716 dieser
1496 2691 1620 2717 Nummer

912 2718 1092 2744 freundlichst
1112 2729 1144 2746 zu
1164 2718 1384 2753 entschuldigen,
1405 2725 1458 2750 und
1477 2726 1618 2752 bemerken

913 2753 1096 2789 gleichzeitig,
1114 2756 1175 2781 dass
1194 2756 1236 2781 die
1252 2754 1434 2792 Fortsetzung
1446 2760 1534 2787 dieser
1546 2762 1618 2788 Zeit-

913 2789 1008 2815 schrift
1028 2793 1106 2816 unter
1124 2791 1181 2817 dem
1201 2789 1274 2816 Titel
1294 2789 1388 2822 „Neue
1401 2793 1558 2823 Zeitschrift
1577 2797 1620 2822 für

912 2825 1147 2858 homöopathische
1166 2825 1278 2852 Klinik“
1294 2824 1337 2850 bei
1356 2826 1406 2853 den
1428 2830 1532 2858 Herren
1544 2833 1573 2857 C.
1586 2832 1616 2857 C.

914 2861 1055 2887 Meinhold
1072 2861 1094 2886 &
1114 2862 1222 2888 Söhnen
1240 2861 1266 2886 in
1288 2860 1410 2888 Dresden
1430 2867 1571 2893 erscheint.

981 2904 1096 2937 Dessau,
1114 2906 1155 2931 26.
1174 2904 1229 2930 Mai
1250 2903 1324 2930 1856.

1257 2938 1452 2968 Gebrüder
1471 2944 1585 2971 Katz.

1647 321 1769 368 (6843.]
1807 330 1848 359 In
1874 330 2027 361 Körner's
2047 335 2147 370 Verlag
2172 338 2198 364 in
2219 338 2315 370 Erfurt
2334 344 2372 365 er⸗

1646 362 1794 405 ſchien:

1664 403 1784 442 Fiſcher,
1800 406 1852 437 M.
1870 408 1922 445 G.,
1946 416 2072 451 evangel.
2091 412 2370 452 Choral-Melodien⸗

1708 448 1782 485 buch.
1800 450 1818 479 2
1838 450 1943 489 Theile.
1960 454 1989 485 3.
2004 454 2082 494 Aufl.
2098 458 2112 484 à
2128 457 2148 487 3
2162 456 2201 497 h.

1662 489 1820 527 Homeyer,
1859 495 2055 536 vollſtaͤndiges
2089 498 2221 538 Choral
2238 489 2313 541 buch
2348 505 2369 541 f.

1706 534 1746 564 die
1760 534 1862 571 kathol.
1880 537 1983 576 Kirche.
2002 540 2050 576 3½
2066 541 2106 580 V.

1662 575 1759 611 Kloß,
1776 575 1837 612 M.,
1850 580 1938 617 vierſt.
1949 581 2067 619 Choraͤle
2079 587 2100 623 f.
2118 587 2259 625 gemiſchte
2269 584 2369 625 Choͤre.

1706 618 1746 648 10
1762 617 1834 656 So.
2221 630 2223 632 ö

1662 661 1780 695 Ritter,
1795 660 1842 698 A.,
1866 664 2062 706 vollſtaͤndiges
2080 666 2252 709 Choralbuch
2275 674 2296 710 f.
2314 671 2368 703 Or⸗

1704 707 1758 743 gel⸗
1775 707 1832 735 und
1850 704 2066 747 Clavierſpieler.
2086 712 2134 749 Op.
2154 713 2203 744 28.
2224 715 2274 751 226
2290 714 2328 754 h.

1662 745 1786 783 Töpfer,
1800 746 1833 781 J.
1849 746 1901 784 G.,
1922 752 2101 789 allgemeines
2122 765 2150 787 u.
2174 756 2370 796 vollſtaͤndiges

1705 789 1893 829 Choralbuch,
1910 794 2091 836 vierſtimmig
2109 807 2137 829 u.
2156 801 2208 829 mit
2224 801 2370 839 doppelten

1704 832 1952 872 Zwiſchenſpielen.
1971 836 2022 873 3½
2037 838 2076 877 .

1644 864 1702 897 2
1734 877 2057 919 theoretiſch-practiſche
2092 882 2364 924 Organiſtenſchule.

1706 919 1754 955 1½
1770 918 1810 959 5.

1643 1009 1764 1046 (6844.]
1802 1014 1850 1041 Als
1870 1015 2049 1049 Supplement
2068 1025 2098 1052 zu
2118 1020 2207 1048 allen
2226 1017 2366 1061 Ausgaben

1642 1055 1744 1091 von
1762 1049 2063 1085 „Shakeſpeare's
2087 1055 2237 1083 Werken“
2256 1058 2366 1092 empfeh⸗

1694 1085 1735 1111 len
1757 1085 1806 1127 wir
1826 1087 1872 1114 das
1890 1087 1916 1114 in
1942 1090 2056 1121 unſerem
2076 1090 2191 1125 Verlage
2212 1092 2365 1125 erſchienene

1697 1119 1792 1147 Werk:

1641 1162 1802 1227 Hiin⸗
1837 1167 1874 1203 P.
1920 1167 1978 1206 H.,
2016 1169 2186 1202 William
2223 1171 2364 1210 Shake⸗

1701 1209 1836 1245 ſpeare,
1860 1210 1936 1245 ſein
1960 1209 2088 1248 Leben,
2118 1214 2216 1248 ſeine
2241 1213 2366 1245 Werke

1700 1257 1728 1278 u.
1746 1250 1842 1285 ſeine
1860 1249 1946 1285 Zeit.
1982 1252 2061 1289 Nach
2075 1253 2137 1290 Ph.
2155 1253 2316 1291 Chasles
2332 1266 2361 1286 u.

1640 1288 1732 1327 F.
1764 1289 1912 1328 Guizot.
1948 1291 2006 1324 Ein
2030 1293 2300 1332 Ergaͤnzungsband
2331 1306 2366 1334 zu

1640 1357 1641 1370 Naallen
1781 1331 1928 1373 Ausgaben
1946 1342 1999 1365 von
2005 1331 2362 1373 Shakeſpeare's
2244 1331 2362 1373 Werken.

1639 1373 1748 1415 16.
1766 1376 1826 1412 geh.
1846 1374 1862 1403 1
1882 1373 1922 1413 .
2358 1407 2361 1410 ö

1639 1416 1641 1444 ö
1726 1423 1781 1456 Auf
1799 1424 1830 1448 12
1850 1423 1926 1457 Expl.
1942 1425 1997 1452 eins
2011 1426 2067 1458 frei.
2106 1427 2146 1457 In
2162 1427 2300 1463 Rechnung
2314 1429 2362 1456 mit

1639 1454 1723 1491 25
1696 1454 1725 1495 90
1742 1459 1860 1492 Rabatt,
1880 1459 1944 1487 baar
1964 1461 2012 1487 mit
2028 1460 2126 1495 33½
2100 1454 2130 1495 00
2145 1463 2258 1491 Rabatt.

1725 1502 1838 1536 Leipzig,
1858 1503 1893 1530 im
1913 1504 1975 1531 Mai
1994 1504 2114 1543 1856.

1958 1546 2089 1582 Dyk'ſche
2109 1549 2328 1586 Buchhandlung.

1639 1632 1758 1668 (6845.]
1797 1636 1837 1666 In
1857 1637 1905 1665 der
1934 1636 2087 1673 Voßiſchen
2111 1639 2365 1677 Sort.⸗Buchholg.

1639 1669 1735 1704 (.
1754 1671 1890 1706 Strikker)
1908 1674 1934 1702 in
1954 1675 2048 1703 Berlin
2066 1676 2172 1709 erſchien
2190 1677 2295 1709 ſoeben:

1655 1714 1789 1755 Lehrbuch
1807 1720 1851 1749 der
1868 1718 2006 1752 Artillerie
2024 1718 2070 1759 fuͤr
2086 1721 2191 1758 Preuß.
2210 1721 2364 1754 Avancirte

1698 1761 1780 1797 dieſer
1802 1760 1914 1801 Waffe,
1937 1765 1989 1794 mit
2010 1764 2029 1792 6
2048 1762 2282 1803 Figurentafeln,
2308 1773 2364 1795 von

1698 1801 1730 1838 F.
1778 1806 1855 1841 Oelze.
1878 1803 1993 1843 Fuͤnfte,
2004 1807 2060 1844 ſehr
2071 1808 2222 1843 vermehrte
2234 1808 2292 1838 und
2306 1814 2364 1837 ver⸗

1698 1845 1808 1885 beſſerte
1824 1846 1960 1885 Auflage,
1975 1849 2041 1885 nach
2059 1850 2120 1879 dem
2135 1847 2209 1878 Tode
2230 1851 2276 1879 des
2292 1848 2364 1879 Ver⸗

1698 1889 1796 1927 faſſers
1820 1897 1882 1927 zum
1907 1890 2008 1920 dritten
2030 1888 2115 1920 Male
2140 1891 2366 1929 herausgegeben

1699 1940 1755 1963 von
1771 1929 1930 1970 Herman
1953 1930 2144 1970 Schinckel,
2169 1930 2364 1970 Hauptmann

1698 1978 1737 2006 im
1752 1973 2175 2013 Garde-Artillerie-Regiment.
2220 1975 2305 2010 Preis
2332 1976 2366 2005 in

1697 2017 1848 2050 Leinwand
1863 2018 2009 2055 dauerhaft
2022 2017 2168 2055 gebunden
2180 2017 2228 2054 1½
2235 2016 2274 2055 ,
2287 2022 2364 2048 netto

1700 2062 1715 2091 1
1734 2060 1764 2100 5
1780 2061 1798 2091 5
1815 2060 1886 2099 Syf.
1914 2059 2002 2090 Kann
2018 2069 2073 2091 nur
2090 2060 2139 2098 feſt
2155 2061 2216 2090 oder
2234 2060 2301 2092 baar
2320 2070 2364 2099 ge⸗

1698 2104 1784 2143 geben
1802 2107 1917 2135 werden.

1725 2164 1821 2197 Ferner
1840 2161 1870 2194 iſt
1890 2160 1984 2187 wieder
2002 2160 2121 2194 Vorrath
2142 2168 2207 2188 von:

1655 2208 1828 2243 Berneck,
1850 2204 1890 2236 G.
1913 2213 1950 2240 v.,
1970 2202 2118 2242 Grundriß
2143 2207 2187 2237 der
2212 2207 2362 2250 Kriegsge⸗

1698 2251 1816 2289 ſchichte,
1842 2250 1885 2279 ein
1904 2246 2060 2286 Handbuch
2080 2246 2127 2285 fuͤr
2148 2250 2198 2280 das
2216 2250 2365 2287 Studium

1637 2291 1844 2338 derſelben.
1872 2290 1956 2327 Preis
1974 2289 1990 2319 1
2009 2288 2039 2328 %
2054 2292 2107 2321 mit
2122 2292 2158 2328 .

1637 2351 1758 2409 6846.
1796 2371 1902 2413 Soeben
1934 2371 2038 2405 erſchien
2064 2372 2104 2401 bei
2126 2380 2176 2404 uns
2196 2378 2223 2406 in
2244 2381 2286 2408 eil
2300 2382 2367 2413 fter

1637 2410 1814 2442 Auflage,
1834 2408 1898 2434 wird
1918 2408 1978 2434 aber
2002 2415 2050 2436 nur
2072 2413 2119 2444 auf
2137 2412 2289 2449 Verlangen
2310 2422 2364 2442 ver⸗

1688 2446 1786 2478 ſendet:

1636 2486 1770 2535 Reiſer,
1780 2486 2364 2535 H.,Clavier⸗Schule
2153 2486 2223 2535 fuͤr
2231 2486 2364 2535 Kinder,

1698 2534 1750 2564 mit
1765 2531 1922 2568 beſonderer
1936 2529 2075 2573 Ruͤckſicht
2091 2540 2142 2577 auf
2154 2540 2235 2569 einen
2252 2536 2362 2571 leichten

1696 2576 1753 2606 und
1768 2575 1897 2612 langſam
1913 2576 2152 2615 fortſchreitenden
2168 2579 2359 2615 Stufengang

1697 2617 1852 2647 bearbeitet.
1894 2615 1972 2656 Erſte
1990 2620 2174 2661 Abtheilung.
2212 2619 2259 2648 11.
2280 2615 2357 2653 Aufl.

1698 2659 1736 2690 25
1752 2658 1816 2698 So
1832 2662 1892 2693 oder
1906 2662 1922 2692 1
1940 2664 1970 2702 fl.
1988 2664 2030 2696 30
2044 2667 2080 2697 kr.
2269 2701 2273 2706 ö

1655 2720 1695 2723 —
1710 2702 1862 2742 Deſſelben
1897 2704 2014 2739 Werkes
2050 2708 2139 2746 zweite
2175 2701 2357 2738 Abtheilung.

1699 2747 1746 2777 11.
1764 2746 1844 2787 Aufl.
1864 2748 1880 2779 1
1950 2752 2010 2781 oder
2026 2751 2042 2779 1
2061 2749 2089 2787 fl.
2108 2745 2145 2775 45
2164 2746 2200 2775 kr.
2240 2788 2252 2815 —

1724 2793 1884 2829 *Die
1906 2796 2062 2827 vorzugliche
2088 2792 2276 2831 Brauchbarkeit
2325 2796 2360 2816 die⸗

1654 2834 1691 2863 ſer
1703 2831 1923 2866 Clavier⸗Schule
1936 2806 1966 2864 iſ
1978 2802 2094 2869 Lekannt
2125 2825 2176 2866 Bei
2187 2823 2302 2856 Ausſicht
2314 2826 2362 2859 auf

1654 2867 1737 2901 Abſatz
1758 2868 1840 2902 ſtehen
1862 2869 1907 2898 Ex.
1929 2869 1944 2893 à
1964 2866 2043 2893 Cond.
2063 2869 2092 2895 zu
2112 2858 2244 2889 Dienſten.

1727 2908 1813 2948 Stutt
1834 2909 2046 2980 allberger'ſche
2064 2933 2324 3005 17———
