1728 2647
585 455 704 499 Dem
341 530 944 596 Durchlauchtigſten Fuͤrſten
602 630 683 668 und
259 710 1037 788 H ERRM, HERRN
137 806 1156 929 Chriſtian Friederich
234 956 1058 1062 Carl Alexander,
133 1118 1158 1183 Marggrafen zu Brandenburg in Preußen,
134 1176 1159 1233 gu Schleſien, Magdeburg, Cleve, Juͤlich, Berg⸗
137 1233 1157 1286 Stettin, Pommern, der Caſſuben und Wenden ,
135 1287 1161 1342 zu Mecklenburg und zu Croßen Herzoge; Burggra⸗
137 1336 1158 1393 fen zu Nuͤrnberg, ober⸗ und unterhalb Gebuͤrgs;
134 1383 1159 1446 Fuͤrſten zu Halberſtadt, Minden, Camin, Wenden,
136 1451 1158 1507 Schwerin, Ratzeburg und Moͤrs; Grafen zu Glatz /
135 1507 1162 1566 Hohenzollern, der Mark, Ravensberg und Schwe⸗
134 1565 1162 1618 rin; Herrn zu Ravenſtein, der Lande Roſtock und
132 1620 1159 1676 Stargard; Grafen zu Sayn und Wittgenſtein;
133 1674 1160 1730 Herrn zu Limburg c. ꝛe. Des loͤblichen Fraͤnki⸗
131 1730 1161 1784 ſchen Craißes Craiß Oberſten und General Feld⸗
129 1781 1159 1844 Marſchall; Jhro Roͤmiſch Kaiſerl. Koͤnigl. Majeſtaͤt
134 1840 1161 1897 General. Major; Jhro Koͤnigl. Preußiſchen Maje⸗
218 1891 1077 1947 ſtaͤt General⸗ Lieutenant und Obriſten uͤber
381 1952 915 2002 dreyn Cavallerie Regimenter
281 2120 1024 2194 Meinem gnaͤdigſten Fuͤrſten
494 2191 806 2258 und Herrn.
