1728 2646
1104 364 1145 392 I1
112 435 1151 497 in den Ephemeridibus ſoeietatis Meteorologieae
116 492 1154 556 palatinae 178 1. umſtaͤndlich erzaͤhlet werden. Maxi⸗
119 545 1153 611 milian Theodor, der Pfaͤlzer und Baiern Churfuͤrſt,
120 602 1157 664 ein eben ſo groſer und gruͤndlich gelehrter Naturfor⸗
121 661 1157 722 ſcher, als weiſer und guter Regent beſchloß zuerſt unter
120 715 1156 777 den Fuͤrſten Deutſchlands die Wetterableiter in ſeinen
122 768 1157 830 Landen einzufuͤhren. Auf ſeinem Luſtſchloß Schwet⸗
124 824 1160 887 zingen ließ er den erſten Wetterableiter anlegen. Kaum
124 879 1160 942 war es geſchehen, ſo wurde er mit Bitten ſeiner Unter⸗
126 937 1161 1001 thanen uͤberhaͤuft, es entweder zu unterlaſſen, oder
127 990 1161 1054 wenigſtens ſich nicht an einem ſo gefaͤhrlichen Ort auf⸗
128 1048 1162 1110 zuhalten. Allein er mußte, um die Vorurtheile zu
126 1104 1162 1162 widerlegen, dieſe Bitte ſeiner Unterthanen verſagen.
128 1158 1162 1214 Er wohnte dem naͤchſten Sommer auf ſeinem mit
128 1213 1162 1272 Wetterableitern verſehenen Luſtſchloß ruhig, waͤh rend
127 1267 1166 1323 dem ſein Volk bey jedem Wetter aͤngſtlich um ſein Le⸗
131 1316 1166 1377 ben beſorgt war. Das folgende Jahr ließ er auch an
131 1377 1170 1432 ſeinem Schloß zu Mannheim einen Wetterableiter an⸗
132 1430 1168 1492 richten; zwar nicht ganz ohne Beaͤngſtigung, aber
131 1489 1169 1551 ſchon mit mehrerer Beruhigung der Einwohner; da ſie
133 1544 1169 1608 wuſten, daß ihr Churfuͤrſt bereits einen Sommer un⸗
134 1603 1168 1661 ter einem Wetterableiter ſicher zugebracht hatte. Jm
133 1661 1169 1719 dritten Jahr fiengen ſchon viele Privatperſonen an,
134 1717 1171 1773 die Wetterſtangen aufrichten zu laſſen, und bald wur
134 1778 452 1829 den ſie allgemein.
221 1821 1172 1883 Nun fiel dieſem groſem Reichsfuͤrſten auch Chur⸗
137 1879 1172 1935 Baiern durch Erbſchaft zu. Daher dachte er gleich
137 1931 1173 1988 darauf, auch ſein Muͤncher Schloß und das Sommer⸗
138 1989 1173 2047 Schloß zu Nymphenburg, durch Wetterableiter vor dem
137 2044 1173 2104 Blitz zu verwahren. Aber hier geſchahe, was man kaum
137 2099 1173 2154 denken ſollte. Der Poͤbel wurde von der Geiſtlichkeit an⸗
137 2155 1172 2213 geſtiftet, ſich dieſem Unternehmen zu widerſetzen. Es
137 2211 1175 2267 entſtund alſo ein Tumult, und die Wetterableiter mu⸗
133 2260 1173 2320 ſten unter dem Schutß der Waffen aufgerichtet werden.
1046 2316 1165 2362 Kaum
