2776 3302
284 206 332 240 M
348 210 397 249 69,
420 211 470 241 30.
490 207 573 243 Mai.

962 205 1167 254 Börſenblatt
1184 208 1236 254 für
1253 208 1309 244 den
1330 208 1483 257 deutſchen
1502 207 1714 257 Buchhandel.

2309 208 2381 244 99⁵5

235 320 300 353 nicht
321 324 449 355 einfallen,
472 323 533 351 uͤber
552 325 598 351 den
617 324 754 356 jedenfalls
775 322 830 356 ſehr
851 324 941 350 relati⸗

237 361 283 384 ven
299 359 388 390 Punkt
407 361 449 386 der
470 359 579 393 groͤßern
597 361 655 385 oder
673 358 809 392 geringern
829 356 940 391 Befaͤhi⸗

239 399 305 427 gung
334 395 373 420 ein
394 395 473 422 Wort
499 402 528 428 zu
555 395 699 425 verlieren;
726 393 788 425 habe
805 393 839 424 ich
863 394 939 427 gleich

235 427 280 454 den
315 429 501 463 gewoͤhnlichen
534 427 781 463 buchhaͤndleriſchen
814 427 941 461 Lehrcurs

235 462 300 494 nicht
329 465 535 499 durchgemacht,
567 468 590 497 ſo
617 463 755 496 berechtigt
782 463 843 495 mich
873 464 941 498 wohl

235 499 314 526 meine
342 499 444 533 fruͤhere
466 500 594 533 Stellung
625 500 666 525 als
685 498 873 526 Sub-Rector
899 507 941 526 am

235 532 372 562 Anelamer
385 535 555 568 Gymnaſium
571 536 620 562 und
636 535 682 560 das
701 533 807 564 dadurch
823 534 941 568 bedingte

236 566 364 607 Studium
381 571 443 604 ohne
459 570 613 603 Anmaßung
627 575 657 602 zu
673 569 727 594 dem
742 568 873 601 Glauben,
893 570 940 601 daß

235 602 269 634 ich
291 605 358 632 einer
378 605 584 639 Buchhandlung
605 602 735 635 vorſtehen
753 602 840 632 koͤnne,
858 605 941 632 worin

236 638 295 670 mich
315 639 433 668 uͤberdies
453 642 497 667 der
510 638 687 672 fortwaͤhrend
701 637 851 672 geſteigerte
865 640 939 666 Kun⸗

233 672 355 708 denkreis,
375 677 423 703 wie
437 677 475 702 die
488 682 537 702 von
552 675 634 701 vielen
649 673 745 700 Seiten
761 673 941 708 ausgedruͤckte

235 707 426 742 Zufriedenheit
443 709 579 743 beſtaͤrken.
619 708 704 735 Leider
722 709 809 741 mußte
829 710 864 742 ich
884 709 940 741 jene

233 742 333 782 fruͤhere
361 747 489 779 Stellung
518 746 544 771 in
570 744 678 770 Anclam
707 745 849 777 aufgeben,
881 746 941 771 weil

234 783 285 805 eine
304 781 448 815 Krankheit
467 779 528 811 mich
549 780 649 805 damals
669 777 775 811 ploͤtzlich
793 780 837 807 des
856 781 940 807 vollen

235 811 381 848 Gebrauchs
401 816 498 843 meiner
513 814 631 847 Sprache
651 815 783 848 beraubte,
801 815 835 846 ich
853 816 939 847 ſonach

235 848 273 875 als
293 851 383 885 Lehrer
403 850 470 881 nicht
488 850 609 883 fungiren
627 848 729 876 konnte.

301 886 365 914 Seit
383 887 454 919 jener
467 886 523 915 Zeit
543 884 647 918 (1849),
667 891 706 911 wo
726 884 760 916 ich
781 885 819 912 die
835 884 939 918 fruͤhere

235 916 320 949 Firma
341 923 373 952 J.
393 922 429 949 D.
455 922 588 948 Rauert
613 920 668 954 hier
692 918 849 952 uͤbernahm,
874 920 956 954 habe

234 952 266 984 ich
291 958 350 989 mich
375 956 498 989 beſtrebt,
525 956 584 987 auch
605 957 643 983 die
669 954 762 988 äußere
787 956 868 983 Seite
895 957 939 983 des

253 991 412 1028 zuchhandels
439 993 489 1020 mir
517 992 691 1027 anzueignen,
717 992 767 1018 und
791 999 836 1026 zog
857 992 891 1024 ich
912 995 939 1019 es

235 1020 319 1058 bisher
339 1028 415 1062 gleich
435 1034 489 1061 vor,
510 1035 559 1055 nur
577 1027 625 1054 mit
643 1028 725 1054 einem
742 1026 797 1059 ſehr
816 1027 939 1060 geringen

233 1055 322 1092 Theile
340 1066 384 1091 des
400 1063 583 1097 Buchhandels
602 1064 629 1090 in
649 1063 761 1089 directen
775 1061 891 1095 Verkehr
908 1070 939 1096 zu

235 1092 330 1130 treten,
357 1098 481 1131 vielmehr
505 1099 573 1125 mein
595 1096 794 1129 Commiſſionaͤr
821 1097 891 1129 Herr
913 1098 938 1124 L.

261 1136 359 1161 ernau
379 1135 405 1161 in
425 1134 526 1167 Leipzig
545 1133 613 1160 mein
631 1133 727 1166 Lager,
754 1133 802 1158 wie
822 1132 860 1158 die
880 1132 939 1159 lite⸗

233 1166 353 1198 rariſchen
372 1168 538 1200 Beduͤrfniſſe
557 1167 655 1194 meines
673 1166 777 1197 Kreiſes
799 1167 939 1198 aſſortirte,

233 1197 256 1226 ſo
277 1200 321 1234 hat
341 1205 380 1232 nie
397 1206 447 1231 und
468 1204 533 1230 wird
547 1203 573 1229 in
589 1202 670 1232 dieſen
685 1200 870 1234 Beziehungen
885 1202 938 1228 nie⸗

233 1236 298 1263 mals
317 1239 355 1266 die
375 1239 479 1273 noͤthige
500 1236 633 1265 Garantie
653 1234 745 1268 fehlen.
783 1235 831 1267 Ich
851 1236 938 1268 kenne,

233 1268 273 1295 als
291 1274 413 1305 geborner
427 1275 558 1304 Sorauer,
578 1270 707 1306 gruͤndlich
729 1270 829 1297 meinen
847 1271 938 1302 Kreis,

251 1305 293 1332 abe
313 1310 361 1337 mir
381 1314 455 1345 ſogar
473 1316 519 1336 vor
535 1308 651 1341 wenigen
665 1306 796 1332 Monaten
813 1305 851 1331 ein
867 1305 938 1338 eigen

232 1335 305 1381 Haus
330 1346 447 1378 gekauft,
476 1346 502 1372 in
527 1343 632 1374 welches
651 1342 685 1370 ich
705 1341 731 1367 in
752 1338 862 1372 naͤchſter
881 1340 939 1370 Zeit

233 1376 297 1403 mein
307 1379 511 1415 Geſchaͤftslocal
524 1380 642 1412 verlegen
657 1377 749 1408 werde,
761 1376 809 1403 wie
823 1376 858 1408 ich
873 1376 937 1402 denn

232 1411 289 1442 auch
299 1412 403 1448 kuͤrzlich
419 1417 450 1444 bei
457 1415 657 1449 Verſteigerung
671 1414 714 1439 der
729 1410 937 1452 Wittſtruck'⸗

233 1438 297 1487 ſchen
319 1449 519 1485 Leihbibliothek
540 1450 654 1478 Seitens
679 1449 723 1475 des
751 1446 860 1480 hieſigen
884 1447 937 1474 Ge⸗

232 1482 307 1521 richts
327 1491 372 1518 zur
387 1487 522 1521 Taxirung
542 1486 669 1519 derſelben
689 1484 841 1516 beauftragt
855 1483 937 1515 ward,

232 1514 279 1541 und
300 1520 374 1551 ſolche
391 1522 525 1555 ſchließlich
545 1520 618 1554 ſelbſt
637 1518 744 1551 erſtand.
860 1552 915 1558 2—7

273 1553 367 1590 Nach
387 1558 431 1584 all'
446 1558 549 1590 Dieſem
569 1557 661 1590 glaube
673 1554 717 1587 ich,
739 1552 892 1584 namentlich
907 1559 933 1579 in

232 1586 335 1615 meinem
360 1598 457 1624 neuen,
483 1594 509 1620 in
535 1590 686 1626 guͤnſtigſter
709 1590 774 1623 Lage
799 1589 935 1622 gelegenen

233 1614 317 1655 Lotale
347 1625 386 1653 bei
409 1628 580 1661 fortgeſetzter
606 1625 759 1661 Thaͤtigkeit
785 1623 861 1658 ruhig
886 1625 936 1651 und

241 1652 311 1698 icher
321 1661 410 1689 weiter
429 1670 459 1695 zu
478 1663 609 1695 kommen,
633 1663 683 1689 und
703 1661 742 1688 die
765 1659 937 1694 bisherige

267 1692 407 1723 oliditaͤt
425 1698 523 1725 meiner
541 1698 631 1731 Firma
649 1705 679 1731 zu
699 1695 845 1729 bewahren.

259 1727 461 1765 Wiederholt
478 1732 544 1760 bitte
560 1733 595 1764 ich
609 1733 649 1759 bei
664 1732 743 1764 dieſer
755 1729 937 1764 Gelegenheit,

231 1760 279 1799 mir
293 1761 421 1803 Anzeigen
441 1767 502 1801 (mit
515 1768 605 1800 Firma
624 1766 699 1799 800),
719 1767 840 1799 Placate,
861 1765 937 1793 Sub⸗

231 1785 455 1841 ſcriptionsliſten,
474 1802 699 1835 Probenummern
718 1807 767 1828 von
787 1802 937 1831 Journalen

249 1834 276 1868 da
293 1832 325 1864 ich
347 1836 418 1863 einen
439 1836 494 1870 ſehr
513 1837 722 1871 ausgebreiteten
742 1836 938 1870 Journalzirkel

233 1859 319 1899 führe)
338 1871 451 1905 zugehen
471 1879 503 1906 zu
521 1873 610 1905 laſſen,
631 1872 680 1898 und
702 1870 799 1905 zeichne

489 1914 730 1948 hochachtungsvoll

615 1956 739 1991 Rudolf
755 1956 901 1990 Raedſch.

295 2006 333 2037 Ich
357 2010 461 2043 beſtaͤtige
486 2012 587 2043 Obiges,
619 2011 694 2038 ſoweit
719 2013 741 2033 es
762 2010 817 2039 mich
835 2008 937 2041 beruͤhrt,

230 2032 381 2074 vollkommen.
698 2046 752 2069 L.
772 2045 901 2071 Fernau.

234 2108 331 2162 16915.
550 2126 659 2160 Sorau,
678 2128 720 2154 26.
741 2127 805 2155 Mai
826 2128 901 2154 1856.

296 2167 355 2195 Das
376 2168 402 2196 in
422 2168 474 2196 Nr.
495 2168 529 2194 66
549 2170 592 2196 des
612 2169 813 2203 Boͤrſenblattes
835 2171 937 2206 enthal⸗

245 2200 285 2225 ene
304 2203 415 2236 Inſerat
434 2204 478 2230 des
497 2203 584 2235 Herrn
605 2206 740 2241 Raedſch
767 2206 855 2241 dahier
881 2214 937 2234 ver⸗

230 2232 319 2291 ſonden
337 2240 397 2271 mich
423 2253 459 2257 —
481 2238 549 2269 nicht
572 2246 603 2273 zu
623 2240 691 2267 einer
705 2240 883 2276 Entgegnung
901 2255 935 2260 —

242 2269 332 2299 ondern
357 2281 387 2308 zu
415 2272 609 2308 thatſaͤchlichen
631 2274 852 2310 Berichtigungen
872 2277 935 2304 eini⸗

231 2303 275 2343 ger
295 2307 407 2338 Punkte.
449 2309 515 2337 Eine
541 2298 697 2375 .)½%½%%
729 2310 794 2345 liegt
819 2312 885 2340 nicht
909 2312 936 2339 in

229 2336 322 2368 meiner
337 2344 445 2378 Abſicht,
466 2346 529 2379 dazu
547 2344 577 2378 iſt
591 2351 671 2371 meine
689 2345 746 2375 Zeit
765 2353 795 2379 zu
810 2346 933 2380 gemeſſen

230 2371 277 2397 und
296 2376 339 2404 der
358 2380 521 2414 Gegenſtand
541 2387 572 2415 zu
591 2379 740 2414 unwichtig.

298 2410 325 2443 1)
337 2414 415 2446 Habe
441 2416 475 2449 ich
503 2416 541 2443 die
560 2416 669 2443 Kunden
693 2416 737 2443 des
764 2414 935 2448 Wittſtruck'⸗

230 2438 295 2470 ſchen
306 2446 456 2482 Geſchaͤftes
475 2451 561 2483 nicht
576 2452 615 2478 im
633 2451 741 2478 Sinne
759 2452 813 2478 des
827 2451 935 2483 Herrn

230 2483 294 2535 Müb
308 2481 366 2515 860
380 2484 627 2521 ubernommen,
644 2487 749 2519 ſondern
764 2487 837 2517 durch
850 2487 935 2521 eigene

265 2512 431 2556 ühewaltung
443 2522 645 2557 herangezogen,
657 2525 713 2550 was
724 2523 811 2555 Herrn
823 2521 934 2555 Raedſch

231 2542 365 2584 ebenſogut
388 2556 509 2589 freiſtand
537 2558 586 2586 wie
611 2558 669 2586 mir.
706 2558 811 2591 Hierbei
839 2558 881 2585 bin
899 2556 939 2589 ich

247 2584 271 2606 er
284 2585 383 2623 frohen
407 2593 606 2628 Ueberzeugung
633 2594 781 2627 geworden,
813 2593 861 2624 daß
890 2592 933 2625 ſich

229 2610 270 2672 10
282 2622 471 2666 intelligentere
482 2627 560 2661 Theil
570 2629 613 2656 der
624 2627 865 2663 Einwohnerſchaft
876 2628 934 2654 dar⸗

231 2656 290 2710 eine
321 2657 420 2694 freudig
453 2664 605 2697 ausſprach,
637 2665 683 2696 daß
717 2664 809 2694 endlich
841 2664 935 2691 einmal

230 2693 283 2746 962
301 2688 569 2732 Buchhandlung
589 2699 648 2731 nach
671 2700 764 2727 Sorau
784 2697 869 2731 kaͤme;
893 2696 935 2732 für

228 2748 270 2780 bar
307 2731 333 2752 er
357 2724 445 2775 Herrn
469 2732 640 2764 Raedſch's
669 2735 869 2768 Etabliſſement
893 2741 934 2769 ge⸗

273 2758 322 2790 ten,
340 2760 404 2790 kann
424 2765 458 2796 ich
475 2766 543 2797 nicht
558 2770 644 2801 ſagen.

228 2793 323 2851 babt“
340 2797 413 2828 Habe
434 2800 468 2830 ich
495 2801 636 2835 allerdings
657 2804 723 2836 nicht
741 2806 779 2833 die
801 2805 871 2839 Ehre
891 2811 932 2839 ge⸗

250 2846 301 2883 —
330 2830 416 2863 Herrn
441 2834 580 2875 Raedſch
609 2838 763 2872 perſonlich,
787 2843 845 2868 oder
867 2841 931 2874 ſeine

229 2887 255 2915 8
275 2866 314 2901 unn
325 2866 481 2900 geſchaͤftlich
505 2866 532 2915 zu
533 2869 764 2903 kennen
649 2866 667 2915 —
680 2869 753 2903 worin
777 2876 811 2906 ich
826 2876 933 2912 gleiches

259 2893 351 2929 chickſal
375 2903 425 2928 mit
447 2904 516 2930 wohl
543 2904 589 2930 den
611 2906 712 2938 meiſten
736 2910 837 2941 Herren
863 2911 932 2938 Ver⸗

239 2930 312 2959 egern
341 2935 435 2967 theilen
455 2939 538 2964 werde
563 2952 597 2957 —
615 2939 680 2968 kann
699 2943 805 2977 deshalb
827 2945 885 2978 auch
905 2946 931 2972 in

977 327 1077 353 meinen
1098 325 1257 353 Ausdruͤcken
1277 325 1321 359 ihn
1343 327 1427 357 nicht
1447 326 1558 359 gemeint
1577 326 1668 359 haben.

1047 361 1113 387 Was
1141 360 1175 393 ich
1195 361 1221 387 in
1247 362 1355 388 meinem
1373 360 1495 389 Circulaͤr
1514 363 1597 395 ſagte,
1621 361 1686 387 kann

976 396 1011 428 ich
1045 396 1126 428 jedoch
1152 396 1219 427 nicht
1243 397 1415 430 widerrufen,
1446 398 1551 428 ſondern
1582 396 1687 430 hiermit

977 439 1027 458 nur
1046 432 1175 462 nochmals
1196 430 1345 465 beſtaͤtigen.

1048 467 1114 494 Dies
1145 467 1212 493 mein
1250 468 1328 494 leider
1353 467 1515 500 provocirtes
1539 480 1574 485 —
1607 466 1682 496 erſtes

978 502 1029 528 und
1048 500 1143 536 letztes
1164 502 1251 528 Wort.

1486 534 1529 563 A.
1547 533 1649 568 Bath.

1001 693 1105 740 Wilh.
1132 704 1191 730 von
1205 691 1397 737 Kaulbach's
1415 685 1660 741 Wandgemälde

976 750 1015 778 im
1036 746 1252 785 Treppenhauſe
1273 748 1319 776 des
1342 746 1447 777 Neuen
1470 745 1627 784 Muſeums
1651 755 1683 784 zu
1701 790 1702 794 ö

1280 787 1384 820 Berlin

975 829 1139 864 beſchaͤftigt,
1154 830 1219 856 kann
1237 828 1272 860 ich
1289 830 1356 861 nicht
1372 831 1547 861 unterlaſſen,
1567 829 1682 862 denjeni⸗

975 873 1021 900 gen
1042 867 1216 899 Handlungen
1235 865 1335 892 meinen
1355 865 1505 896 beſonderen
1526 865 1601 892 Dank
1622 867 1683 891 aus⸗

974 902 1139 935 zuſprechen,
1169 902 1244 928 deren
1277 900 1438 934 erfolgreiche
1464 898 1615 933 Thaͤtigkeit
1640 898 1682 932 ſich

974 938 1065 970 dieſem
1092 936 1259 970 großartigen
1285 935 1473 970 Unternehmen
1498 936 1524 962 in
1550 936 1683 968 beſonders

975 972 1288 1005 anerkennungswerther
1306 972 1389 1003 Weiſe
1409 972 1555 1005 zuwandte.
1592 970 1684 997 Wobei

973 1009 1008 1038 ich
1029 1008 1181 1039 namentlich
1203 1008 1261 1039 auch
1281 1007 1455 1040 Handlungen
1481 1013 1531 1033 von
1550 1006 1684 1033 kleinerem

974 1043 1195 1077 Wirkungskreiſe
1215 1043 1251 1070 im
1265 1042 1353 1069 Sinne
1367 1041 1444 1074 habe,
1462 1043 1540 1069 denen
1561 1045 1587 1068 es
1601 1041 1683 1073 nichts

974 1079 1040 1111 deſto
1063 1078 1176 1112 weniger
1195 1079 1302 1112 gelang,
1327 1077 1482 1110 Exremplare
1501 1078 1544 1104 des
1571 1083 1685 1110 genann⸗

974 1116 1017 1145 ten
1034 1113 1229 1146 Prachtwerkes
1254 1112 1404 1145 abzuſetzen.
1441 1112 1529 1143 Außer
1548 1111 1629 1144 dieſen
1649 1112 1683 1142 ſei

975 1149 1079 1175 erlaubt
1098 1146 1249 1177 namentlich
1271 1153 1301 1180 zu
1321 1144 1457 1179 erwaͤhnen
1475 1146 1513 1172 die
1531 1145 1647 1177 Herren:

1008 1183 1181 1210 Baedeker
1199 1182 1225 1208 in
1244 1181 1367 1213 Iſerlohn
1388 1181 1437 1207 mit
1455 1181 1471 1205 8
1491 1180 1619 1212 Exempl.,

1007 1215 1299 1250 Perthes-Beſſer
1333 1216 1345 1240 &
1363 1215 1481 1241 Mauke
1505 1215 1531 1240 in
1546 1214 1683 1248 Hamburg

1078 1252 1126 1278 mit
1145 1252 1160 1277 5
1179 1250 1307 1285 Exempl.,

1009 1285 1146 1313 Gebrüͤͤder
1165 1287 1274 1312 Rocca
1293 1285 1319 1310 in
1333 1283 1429 1310 Berlin
1445 1282 1493 1309 mit
1511 1283 1542 1308 13
1557 1282 1681 1314 Exempl.,

1009 1320 1125 1352 Sachſe
1145 1322 1170 1346 &
1189 1320 1239 1346 Co.
1260 1319 1287 1346 in
1304 1318 1398 1345 Berlin
1418 1317 1467 1343 mit
1483 1317 1499 1342 5
1519 1316 1647 1349 Exempl.,

1009 1356 1153 1387 Samſon
1180 1355 1207 1382 &
1237 1353 1365 1380 Wallin
1397 1352 1426 1380 in
1455 1350 1603 1384 Stockholm
1634 1351 1683 1377 mit

1077 1392 1091 1416 5
1113 1390 1239 1423 Exempl.,

1009 1425 1161 1457 Schmidt
1180 1425 1207 1451 in
1225 1421 1378 1455 New-⸗York
1398 1421 1446 1448 mit
1466 1420 1499 1446 13
1517 1419 1643 1452 Erempl.,

1009 1460 1189 1492 Schneider
1209 1459 1234 1484 &
1250 1458 1303 1486 Co.
1328 1458 1354 1485 in
1373 1455 1469 1483 Berlin
1489 1455 1537 1482 mit
1556 1456 1570 1480 7
1592 1455 1679 1487 Expl.,

1007 1496 1125 1523 Weber
1149 1496 1175 1522 in
1195 1494 1301 1528 Danzig
1321 1493 1370 1520 mit
1389 1493 1403 1517 7
1424 1491 1621 1532 Erxempl.

973 1532 1023 1559 und
1045 1533 1135 1559 andere
1149 1531 1324 1564 Handlungen
1340 1536 1371 1562 zu
1391 1527 1515 1560 erſuchen,
1533 1527 1567 1553 im
1582 1525 1679 1568 beider⸗

973 1568 1081 1602 ſeitigen
1101 1567 1231 1599 Intereſſe
1256 1564 1369 1597 aͤhnliche
1387 1564 1526 1596 Reſultate
1551 1569 1581 1596 zu
1606 1569 1679 1596 erzie⸗

973 1605 1023 1631 len.
1053 1604 1103 1631 Die
1125 1602 1209 1636 ſchoͤne
1225 1600 1415 1637 Continuation
1434 1597 1587 1633 entſchaͤdigt
1604 1598 1679 1631 reich⸗

974 1640 1019 1673 lich
1039 1639 1083 1672 fuͤr
1103 1639 1155 1667 eine
1173 1634 1423 1671 außergewoͤhnliche
1443 1632 1611 1669 Bemuͤhung.

1043 1676 1101 1703 Mit
1120 1676 1165 1702 den
1189 1681 1269 1701 neuen
1285 1672 1374 1704 Liſten,
1393 1673 1551 1704 Proſpecten
1570 1672 1621 1698 und
1636 1666 1701 1701 an⸗

973 1712 1049 1738 deren
1068 1711 1248 1744 Hilfsmitteln
1273 1708 1337 1742 ſtehe
1361 1706 1395 1739 ich
1416 1707 1539 1741 jederzeit
1555 1714 1585 1740 zu
1599 1707 1682 1734 Dien⸗

996 1754 1033 1774 en.

1043 1781 1154 1812 Berlin,
1173 1781 1218 1806 den
1239 1778 1281 1804 28.
1299 1776 1361 1808 Mai
1383 1777 1459 1803 1856.

1301 1810 1478 1847 Alexander
1495 1809 1647 1840 Duncker.

976 1898 1078 1933 (6917.]
1100 1897 1186 1923 Heute
1205 1896 1347 1923 versandie
1365 1895 1407 1920 ich
1424 1896 1473 1921 das
1485 1896 1683 1922 nachstehende

973 1934 1109 1962 Ciroular,
1135 1933 1229 1958 dessen
1247 1930 1339 1957 Inhalt
1365 1930 1408 1956 ich
1433 1931 1576 1958 hierdurch
1599 1932 1682 1957 noch-

971 1970 1037 1995 mals
1056 1976 1107 1993 aur
1123 1968 1268 2000 gefulligen
1286 1965 1446 1999 Beachtunꝗ
1465 1967 1601 1999 empfehle.

1283 2016 1411 2051 Leipzig,
1431 2020 1475 2047 27.
1492 2019 1549 2045 Mai
1569 2020 1643 2046 1856.

1044 2062 1135 2089 Durch
1147 2062 1208 2089 eine
1224 2060 1370 2094 vorläufige
1382 2061 1503 2097 Anzeige
1517 2063 1552 2088 im
1563 2063 1680 2089 Börsen⸗

974 2099 1044 2125 blatt
1061 2098 1130 2133 habe
1145 2098 1189 2124 ich
1203 2098 1250 2124 Sie
1265 2095 1369 2133 bereits
1387 2097 1475 2124 davon
1489 2098 1517 2124 in
1531 2098 1681 2124 Kenntniss

971 2135 1091 2169 gesetzt,
1115 2133 1178 2159 dass
1193 2133 1243 2160 mir
1260 2130 1303 2157 die
1319 2130 1426 2158 Herren
1447 2132 1637 2167 Malmenayde
1656 2136 1680 2160 &

971 2172 1002 2196 de
1020 2169 1165 2204 Riberolles
1185 2169 1213 2195 in
1225 2166 1305 2194 Paris
1325 2166 1376 2192 den
1397 2169 1680 2203 ausschliesslichen

972 2205 1055 2231 Debit
1067 2204 1138 2231 ihrer
1147 2204 1304 2230 bekannten
1311 2201 1517 2231 Publications
1529 2200 1681 2236 illustrées

971 2240 1017 2266 für
1045 2239 1247 2270 Deutschland,
1280 2235 1323 2262 die
1351 2237 1487 2273 Schweiz,
1518 2239 1679 2272 Dänemark,

973 2275 1121 2301 Schweden
1147 2274 1201 2301 und
1221 2274 1376 2305 Norwegen
1400 2274 1563 2309 übertragen
1583 2275 1679 2301 haben.

971 2310 1078 2336 Darauf
1095 2310 1187 2344 Bezug
1202 2307 1344 2339 nehmend,
1363 2309 1475 2342 erlaube
1488 2310 1531 2337 ich
1547 2310 1597 2336 mir
1615 2313 1679 2343 nun,

971 2345 1057 2371 Ihnen
1075 2344 1228 2379 beiliegend
1248 2342 1299 2368 den
1318 2341 1437 2379 Katalog
1455 2345 1543 2372 dieser
1555 2345 1679 2372 Publica-

970 2380 1064 2406 tionen
1083 2388 1117 2406 zu
1138 2378 1307 2407 übersenden
1326 2378 1380 2404 und
1394 2379 1441 2406 Sie
1462 2389 1504 2407 um
1523 2380 1679 2415 energische

973 2415 1164 2450 Verwendung
1183 2412 1227 2441 für
1245 2411 1381 2438 dieselben
1401 2423 1435 2441 zu
1453 2417 1591 2443 ersuchen.
1629 2413 1680 2441 Die

971 2454 1127 2484 genannten
1152 2449 1295 2484 Ausgaben
1319 2447 1519 2488 französischer
1543 2450 1681 2478 Classiker

971 2485 1025 2510 und
1053 2481 1461 2518 Unterhaltungsschriftsteller
1487 2487 1547 2512 sind
1578 2484 1681 2512 überall

970 2528 1000 2545 so
1017 2520 1149 2554 bekannt,
1172 2521 1235 2546 dass
1249 2518 1291 2544 ich
1309 2517 1376 2543 mich
1394 2519 1471 2546 einer
1488 2522 1589 2548 nähern
1608 2521 1677 2547 Aus-

971 2554 1219 2590 einandersetzung
1230 2554 1301 2580 ihrer
1313 2552 1447 2588 Vorzüge,
1463 2556 1506 2582 die
1520 2554 1679 2583 namentlich

970 2590 998 2615 in
1023 2589 1165 2625 gefälliger
1187 2586 1431 2624 typographischer
1453 2592 1507 2617 und
1533 2589 1677 2618 künstleri-

969 2625 1047 2651 scher
1072 2626 1255 2658 Ausstattung
1279 2623 1422 2657 bestehen,
1451 2626 1605 2653 überhoben
1631 2626 1677 2651 be⸗

970 2661 1093 2687 trachten
1113 2662 1181 2687 darf.
1215 2660 1261 2686 Ich
1279 2657 1367 2684 mache
1382 2659 1427 2686 Sie
1446 2669 1496 2687 nur
1509 2662 1606 2688 darauf
1615 2660 1674 2687 auf-

971 2696 1112 2729 merksam,
1135 2697 1187 2723 wie
1211 2694 1277 2729 sehr
1294 2692 1351 2718 sich
1373 2694 1418 2721 bei
1440 2696 1489 2723 der
1508 2694 1676 2725 besondern

969 2728 1173 2758 Wohlfeilheit
1198 2730 1286 2757 dieser
1305 2728 1511 2759 Publicationen
1535 2734 1575 2760 ihr
1593 2730 1675 2758 schon

967 2768 1038 2801 jetzt
1059 2766 1243 2793 bedeutender
1261 2763 1362 2790 Absatz
1380 2765 1447 2792 noch
1462 2769 1580 2802 steigern
1600 2768 1675 2798 lässt,

968 2812 1048 2830 wenn
1075 2803 1120 2829 Sie
1147 2801 1197 2828 die
1217 2799 1377 2839 geeigneten
1408 2800 1613 2830 Maassnahmen
1641 2809 1675 2826 zu

970 2839 1041 2864 ihrer
1053 2837 1312 2867 Bekanntmachung
1321 2842 1349 2859 in
1361 2835 1475 2864 weitern
1483 2839 1597 2865 Kreisen
1607 2837 1673 2863 tref-

968 2874 1024 2908 ſen,
1046 2874 1099 2900 und
1118 2880 1151 2899 zu
1170 2872 1268 2898 diesem
1282 2869 1397 2897 Zwecke
1410 2874 1573 2900 namentlich
1585 2873 1675 2898 immer

967 2909 1028 2935 eine
1051 2912 1115 2944 gute
1139 2906 1266 2934 Auswahl
1291 2904 1377 2931 davon
1405 2909 1453 2933 auf
1474 2910 1560 2936 Ihrem
1585 2908 1674 2941 Lager

967 2944 1065 2971 halten.
1102 2944 1151 2969 Die
1176 2940 1322 2968 besonders
1345 2940 1492 2977 günstigen
1516 2944 1692 2978 Bedingun-

1704 333 1782 358 gen,
1803 326 1846 352 die
1865 328 1907 353 ich
1927 328 1971 353 für
1989 328 2041 353 den
2052 327 2146 360 Beaug
2163 327 2211 352 der
2224 325 2429 361 „Publications

1720 360 1877 387 illustrées“
1895 363 1992 388 stellen
2011 363 2094 394 kann,
2112 362 2221 387 machen
2241 371 2269 387 es
2281 361 2365 387 selbst
2377 360 2431 387 den

1721 394 1843 421 kleinern
1857 397 2205 430 Sortimentshandlungen,
2225 397 2269 422 die
2280 396 2335 422 sich
2348 399 2427 421 sonst

1721 429 1795 455 nicht
1808 430 1943 459 Vorräthe
1960 432 2158 459 französischer
2169 430 2308 458 Literatur
2319 431 2367 457 auf
2376 431 2431 456 La-

1702 473 1769 497 ger
1786 472 1819 490 zu
1839 467 1951 493 nehmen
1973 468 2089 502 pflegen,
2107 466 2231 501 möglich,
2249 475 2312 499 von
2323 466 2429 492 densel-

1720 499 1773 525 ben
1799 503 1868 526 stets
1893 502 2061 536 wenigstens
2087 503 2201 536 Einiges
2229 502 2369 535 vorräthig
2395 509 2429 528 zu

1720 534 1820 559 halten.
1858 536 1928 562 Dass
1945 538 2003 563 dies
2021 538 2183 564 namentlich
2201 536 2382 569 Handlungen
2400 536 2430 563 in

1720 569 1850 602 Städten,
1876 580 1919 596 wo
1939 573 2044 607 einiger
2057 571 2305 599 Fremdenverkehr
2321 571 2371 602 ist,
2399 571 2429 598 in

1719 605 1801 630 ihrem
1824 605 1939 638 eigenen
1959 607 2095 634 Interesse
2119 609 2209 634 immer
2233 607 2299 632 thun
2317 605 2427 638 sollten,

1718 639 1816 666 bedarf
1831 640 1910 665 kaum
1929 641 2005 667 einer
2020 643 2174 669 besondern
2193 643 2377 674 Erwähnung.

1789 682 1841 708 Die
1859 683 2162 720 Bezugsbedingungen
2182 686 2244 711 sind
2263 684 2403 719 folgende:

1815 718 1840 749 1)
1856 718 1905 743 Ich
1922 718 2015 745 liefere
2033 720 2077 746 die
2102 722 2130 746 in
2155 722 2213 747 dem
2237 719 2427 754 beifolgenden

1857 752 1993 787 Kataloge
2006 756 2214 782 verzeichneten
2225 755 2429 789 „Publications

1857 788 2013 815 illustrées“
2032 791 2067 815 im
2086 791 2238 817 Einzelnen
2256 791 2305 816 mit
2323 790 2385 823 33½
2399 789 2429 823 00

1857 823 1961 849 Rabatt
1975 833 2027 850 von
2043 825 2094 851 den
2106 827 2293 860 beigesetzten
2307 826 2427 852 Preisen.

1856 858 1906 884 Bei
1925 859 2062 890 Abnahme
2086 861 2162 888 einer
2178 861 2271 887 Partie
2288 869 2342 888 von
2360 861 2427 886 min⸗

1857 894 1967 920 destens
1992 897 2024 921 25
2041 897 2065 927 5
2089 899 2165 922 netto
2190 897 2239 922 auf
2261 896 2357 922 einmal
2381 905 2427 930 ge-

1857 929 1950 955 währe
1974 930 2017 956 ich
2040 931 2162 965 dagegen
2185 932 2255 959 volle
2274 932 2309 957 40
2323 931 2350 964 00
2374 931 2429 958 und

1857 965 1935 991 führe
1951 966 2016 992 auch
2030 966 2295 1000 Nachbestellungen
2307 976 2362 992 von
2377 967 2429 992 sol-

1861 1001 1927 1027 chen
1941 1001 2135 1036 Handlungen,
2149 1002 2193 1028 die
2206 1003 2302 1028 einmal
2316 1002 2362 1028 für
2373 1002 2429 1028 die-

1829 1043 1907 1063 Sen
1926 1037 2028 1072 Betrag
2047 1038 2168 1072 bezogen
2185 1038 2287 1072 haben,
2312 1046 2345 1063 zu
2364 1037 2431 1062 den-

1858 1073 1950 1099 selben
1969 1073 2117 1107 günstigen
2132 1073 2331 1107 Bedingungen
2351 1080 2407 1098 aus.

1817 1117 1844 1148 2)
1859 1115 1910 1141 Die
1930 1115 2099 1150 Expedition
2127 1115 2268 1150 geschieht
2293 1114 2427 1140 durchaus

1859 1158 1911 1175 nur
1933 1159 2031 1185 gegen
2054 1154 2145 1183 baar,
2169 1151 2237 1176 doch
2253 1150 2365 1176 tausche
2385 1149 2429 1176 ich

1857 1184 2121 1219 Nichtabgesetztes,
2139 1186 2233 1211 sofern
2251 1184 2300 1210 mir
2312 1184 2427 1218 derglei-

1856 1218 1923 1244 chen
1945 1220 2084 1246 innerhalb
2109 1220 2184 1245 eines
2202 1219 2298 1245 Jahres
2313 1219 2427 1245 zurück-

1700 1257 1701 1271 ö
1855 1254 1971 1286 gesandt
1989 1255 2069 1287 wird,
2094 1262 2179 1287 gegen
2199 1253 2299 1279 andere
2320 1253 2427 1279 Artikel

1855 1287 1903 1312 des
1915 1287 2049 1322 Katalogs
2065 1288 2133 1313 ohne
2149 1288 2258 1313 Verlust
2276 1295 2318 1312 am
2331 1286 2427 1314 Preise

1856 1329 1911 1346 aus.
1944 1322 2121 1355 Dergleichen
2137 1321 2427 1354 Umtauschgeschäfte

1857 1354 1962 1381 müssen
1977 1356 2075 1389 jedoch
2088 1356 2180 1382 immer
2191 1357 2247 1382 auf
2257 1355 2365 1381 einmal
2379 1365 2427 1389 ge-

1857 1389 1989 1423 schehen,
2024 1390 2349 1425 Differenzgutschriften
2381 1391 2430 1416 auf

1855 1424 2007 1458 Rechnung
2025 1426 2136 1452 können
2156 1426 2233 1452 dabei
2253 1425 2327 1451 nicht
2345 1428 2427 1452 statt-

1854 1460 1954 1486 Hinden.

1787 1495 1834 1521 Als
1845 1495 1887 1521 ein
1899 1495 2053 1522 wirksames
2059 1495 2287 1521 Vertriebsmittel
2294 1495 2427 1530 empfehle

1717 1531 1759 1557 ich
1771 1530 1857 1557 Ihnen
1871 1531 1923 1558 den
1937 1531 2127 1566 beifolgenden
2139 1531 2267 1566 Katalog.
2287 1531 2333 1557 Ich
2347 1531 2427 1558 stelle

1718 1567 1807 1594 davon
1830 1567 1889 1593 eine
1913 1567 2032 1595 kleinere
2056 1567 2158 1593 Anzahl
2181 1569 2277 1603 gratis
2301 1576 2335 1593 zu
2352 1567 2428 1594 Ihrer

1699 1603 1890 1638 Verfügung,
1911 1604 1966 1630 und
1980 1604 2113 1631 berechne
2127 1605 2251 1638 grössere
2266 1603 2378 1630 Partien
2393 1612 2426 1631 zu

1699 1638 1965 1667 ausserordentlich
1980 1641 2112 1675 mässigen
2130 1640 2253 1674 Preisen,
2271 1640 2400 1667 nämlich:

1838 1678 1871 1703 25
1889 1677 2049 1712 Exemplare
2063 1677 2108 1703 für
2124 1692 2157 1696 —
2226 1679 2241 1704 5
2260 1676 2313 1712 N

2209 1819 2241 1843 15
2276 1836 2293 1849 „

1787 1851 1844 1877 Auf
1856 1851 2011 1885 Verlangen
2031 1850 2133 1877 drucke
2152 1837 2194 1877 ich
2216 1851 2274 1876 dem
2293 1849 2425 1883 Kataloge

1797 1886 1888 1911 Firma
1903 1894 1989 1920 gegen
2008 1885 2100 1921 billige
2115 1885 2277 1920 Vergätung
2295 1884 2347 1910 auf.

1785 1921 1832 1947 Ich
1854 1920 1944 1946 mache
1965 1919 2011 1945 Sie
2032 1920 2161 1953 übrigens
2186 1919 2255 1946 noch
2279 1918 2428 1945 besonders

1718 1957 1816 1982 darauf
1839 1955 2029 1987 aufmerksam,
2056 1955 2119 1980 dass
2141 1955 2190 1981 der
2211 1954 2331 1987 Katalog
2349 1953 2426 1989 nicht

1699 2000 1769 2018 nur
1786 1991 1829 2017 die
1845 1989 2047 2025 gewöhnlichen
2062 1992 2197 2022 Romans
2214 1988 2346 2015 illustrés
2365 1992 2426 2015 ent-

1699 2027 1788 2039 hält,
1806 2025 1925 2060 sondern
1942 2024 2011 2057 auch
2028 2023 2089 2050 eine
2109 2033 2203 2058 grosse
2222 2024 2324 2050 Anzahl
2343 2024 2426 2050 ande-

1699 2065 1761 2088 rer
1783 2058 1955 2088 werthvoller
1978 2059 2031 2084 und
2057 2059 2119 2085 sehr
2141 2058 2339 2085 verkäuflicher
2363 2059 2425 2085 illu-

1698 2087 1827 2123 Strirter
1837 2094 2053 2127 Publicationen,
2073 2094 2154 2120 deren
2169 2094 2294 2120 Vertrieb
2309 2094 2368 2120 sich
2381 2094 2427 2121 bei

1717 2133 1770 2159 den
1786 2131 1931 2166 günstigen
1946 2129 2246 2164 Bezugsbedingungen
2259 2129 2304 2155 für
2319 2130 2364 2157 Sie
2376 2131 2425 2157 be⸗

1699 2167 1829 2193 sonders
1855 2163 1973 2191 lohnend
1999 2164 2108 2191 machen
2137 2173 2215 2190 muss.
2261 2165 2307 2191 Ich
2335 2175 2425 2193 nenne

1699 2200 1801 2232 Ihnen
1818 2209 1871 2227 von
1891 2199 1999 2225 solchen
2013 2208 2075 2225 nur:
2092 2199 2201 2226 Musée
2215 2201 2253 2226 de
2267 2201 2425 2230 Costumes

1698 2238 1886 2273 modernes,
1916 2234 2139 2267 Encyclopédie
2163 2236 2323 2264 d'Histoire
2341 2242 2427 2265 natu-

1698 2272 1800 2305 relle,
1827 2271 1921 2300 Petits
1937 2270 2061 2297 Albums
2082 2278 2159 2304 pour
2181 2273 2256 2306 rire,
2281 2274 2425 2308 Encyclo-

1698 2307 1803 2343 peédie
1827 2306 1988 2337 musicale,
2011 2308 2179 2334 Panorama
2201 2310 2344 2344 musical,
2371 2312 2424 2335 etc.

1697 2344 1755 2376 Es
1773 2343 1845 2368 kann
1858 2341 1944 2367 Ihnen
1963 2340 2043 2367 somit
2061 2341 2088 2367 in
2105 2342 2201 2371 keiner
2213 2346 2306 2372 Weise
2320 2345 2423 2372 scbwer

1697 2377 1807 2416 fallen,
1826 2376 1957 2402 zunächst
1975 2375 2019 2402 für
2034 2376 2202 2406 mindestens
2221 2383 2288 2413 255
2301 2384 2375 2407 netto
2388 2385 2429 2402 au.

1697 2413 1819 2440 wählen
1841 2411 1895 2437 und
1907 2411 1964 2437 sich
1977 2412 2094 2439 dadurch
2107 2414 2155 2441 der
2169 2416 2421 2443 vortheilhaftesten

1714 2448 1911 2481 Bedingungen
1936 2447 2004 2473 auch
2027 2448 2073 2475 für
2097 2452 2191 2486 später
2208 2461 2242 2478 zu
2260 2448 2423 2478 versichern.

1697 2467 1756 2509 Iu
1781 2483 1909 2516 grössern
1935 2482 2131 2520 Bestellungen
2159 2488 2269 2515 können
2298 2484 2343 2509 Sie
2369 2480 2422 2504 den

1715 2518 1834 2551 Katalog
1849 2517 1935 2543 selbst
1952 2521 2125 2556 verwenden,
2144 2523 2196 2550 den
2216 2522 2258 2547 ich
2273 2527 2305 2545 zu
2325 2516 2422 2541 diesem

1713 2552 1829 2580 Zwecke
1847 2554 1966 2586 passend
1985 2555 2164 2591 eingerichtet
2181 2558 2259 2589 habe.

1783 2587 1842 2613 Fur
1871 2588 1993 2623 Verleger
2020 2593 2097 2620 weise
2121 2594 2164 2620 ich
2185 2590 2253 2617 noch
2279 2582 2419 2625 besonders

1713 2624 1819 2657 darauf
1841 2624 1903 2658 hin,
1928 2626 1991 2653 dass
2013 2629 2056 2655 ich
2075 2630 2175 2655 Cliches
2197 2618 2371 2650 sdmmilicher
2382 2624 2394 2654 i

1713 2661 1764 2685 den
1779 2659 1891 2686 Merken
1905 2661 2076 2696 befindlicher
2088 2658 2289 2689 IMustrationen
2301 2660 2336 2677 aμì
2349 2658 2421 2674 mdas—

1694 2696 1786 2733 sihen
1803 2696 1914 2723 Preiden
1933 2698 2029 2732 liefern
2046 2701 2131 2725 Eann.
2211 2715 2223 2725 3
2248 2721 2267 2728 —

1781 2730 1827 2757 Ich
1843 2731 1907 2759 sehe
1919 2733 1999 2760 Ihren
2015 2732 2158 2769 gefälligen
2170 2721 2335 2762 zahlreichen
2356 2719 2416 2760 Auf-

1711 2767 1809 2800 trägen
1828 2773 1965 2804 entgegen
1985 2769 2040 2795 und
2059 2753 2187 2803 empfehle
2205 2757 2283 2799 Ihnen
2302 2755 2345 2780 bei
2353 2753 2417 2795 die-

1709 2810 1754 2828 ser
1777 2803 1955 2838 Gelegenheit
1980 2804 2039 2830 aufs
2062 2801 2137 2826 Neue
2163 2800 2248 2833 meine
2269 2790 2417 2837 Vermitte-

1709 2836 1775 2872 lung
1790 2847 1839 2865 zur
1855 2840 2035 2870 Beschaffung
2053 2835 2126 2860 Ihres
2144 2824 2347 2855 ausländischen
2368 2825 2414 2851 Li-

1709 2876 1721 2899 t

1723 2871 1923 2910 eraturbedarfs
1997 2904 2037 2931 I.
2054 2902 2096 2928 A.
2113 2894 2340 2926 mrochang

1935 2938 2077 2967 Fortiment
2093 2934 2151 2959 und
2167 2932 2369 2965 Antiguarium.

1699 1873 1778 1934 Ire

1840 1709 1874 1756 50⁰
1963 1732 1980 1746 7
2073 1732 2091 1746 5
2122 1727 2157 1732 —
2173 1733 2190 1747 2
2211 1714 2243 1740 10
2278 1732 2295 1746 7

1823 1749 1873 1774 100
1961 1767 1979 1780 55
2070 1768 2087 1782 5
2207 1748 2270 1781 17½
2279 1767 2296 1780 5⁷

1823 1784 1875 1810 250
1963 1801 1981 1815 5
2072 1802 2089 1816 „
2138 1785 2151 1808 1
2174 1802 2189 1816 „
2211 1785 2243 1810 15
2280 1802 2297 1815 „

1823 1814 1875 1844 500
1961 1836 1978 1849 —
2071 1836 2087 1850 —e
2136 1820 2151 1843 ——
