2776 3302
262 213 317 246 N
335 216 383 257 69,
407 218 457 249 30.
472 216 555 251 Mai.

923 216 1153 266 Börſenblatt
1171 222 1223 268 für
1243 222 1300 259 den
1319 224 1473 274 deutſchen
1491 225 1703 274 Buchhandel.

2299 239 2371 275 993

228 323 327 362 16882.]
371 329 417 359 N.
436 331 513 360 Doll
533 334 557 361 in
579 335 717 368 Augsburg
739 335 805 367 ſucht
825 336 913 369 billig:

231 361 247 390 1
271 362 407 405 Rottner,
431 369 565 409 Lehrbuch
589 374 633 403 der
651 371 853 411 Buchhaltung
876 375 933 404 und

266 407 309 437 der
325 408 645 453 Comtoirwiſſenſchaft.

231 475 329 542 Eunrn
385 484 428 515 T.
451 485 499 515 O.
523 486 651 523 Weigel
674 489 701 514 in
730 489 829 523 Leipzig
866 491 933 523 ſucht

278 523 345 552 illig:

227 547 242 576 1
265 551 505 597 Numismatiſche
525 559 653 598 Zeitung.
671 559 777 599 Jahrg.
809 560 933 593 1842—

267 595 356 629 1849.
390 600 466 637 (W.,
485 600 683 639 Großmann.)

227 632 242 661 1
266 637 475 674 Summarium
491 646 534 675 der
553 646 691 683 deutſchen
711 648 768 676 und
797 646 929 679 auslaͤnd.

265 679 559 724 Rechtswiſſenſchaft.
578 688 605 718 2.
628 695 652 718 u.
671 687 690 718 3.
711 687 808 719 Band.
825 689 929 729 Leipzig

267 722 441 764 1833—35,
458 728 576 765 Franke

222 757 323 785 ——
363 782 411 784 —

228 798 329 838 16884.]
368 807 415 836 N.
435 808 583 842 Kymmel
598 812 625 837 in
643 813 712 846 Riga
733 814 801 845 ſucht
818 814 905 848 billig:

230 836 245 865 1
268 839 354 874 Bibel
367 854 422 876 von
441 845 545 885 Scholz
561 857 589 878 u.
607 847 731 887 Derefer.
752 853 816 888 eplt.

267 881 627 926 Converſations-Lexikon
657 892 701 922 der
744 891 927 932 Gegenwart.

298 926 370 961 Bde.
390 933 453 967 cplt.

226 962 241 992 1
263 967 381 1011 Hauff's
399 973 507 1007 Werke.
527 973 555 1007 4.
575 976 653 1016 Aufl.
673 976 769 1010 Cab.⸗
788 980 881 1020 Ausg.
899 982 929 1013 in

267 1012 302 1041 18
319 1014 428 1053 Bochn.
447 1019 475 1049 9.
498 1018 606 1055 Bochn.
634 1022 748 1059 einzeln.
770 1021 862 1055 1846.

265 1053 343 1085 Flore
361 1060 409 1088 des
425 1070 518 1090 serres
533 1071 583 1098 par
599 1063 657 1091 Van
675 1064 775 1094 Houtte
796 1075 863 1095 avee
892 1060 929 1107 pl.

263 1098 349 1132 olor.
373 1104 429 1135 vol.
451 1105 533 1134 1-6.
549 1105 578 1136 8.
596 1106 624 1135 9.

266 1138 355 1172 Revue
371 1146 517 1175 horticole.
537 1147 567 1177 3.
582 1147 665 1177 série.
679 1150 735 1177 vol.
754 1151 846 1180 1—9.

223 1213 322 1257 16885.]
361 1226 404 1256 A.
423 1226 539 1262 Franck
558 1228 584 1254 in
601 1228 683 1260 Paris
704 1229 785 1259 ſucht:

265 1257 406 1299 Calepinus
419 1265 558 1301 „Lexicon,
574 1265 617 1293 ed.
636 1265 793 1295 Facciolati.
819 1267 927 1296 Padova

267 1301 354 1337 1779.

224 1336 240 1365 1
263 1342 429 1388 Pfizmaier,
460 1350 641 1389 Woͤrterbuch
674 1353 717 1382 der
752 1353 925 1390 japaniſchen

265 1385 400 1431 Sprache.
422 1396 447 1426 1.
467 1394 564 1427 Wien.

266 1427 455 1477 Wunderlich,
485 1437 601 1477 Handb.
633 1440 656 1469 d.
687 1437 865 1478 Pathologie.
900 1438 924 1470 1.

222 1513 224 1515 ů
259 1465 340 1517 Aufl.
357 1478 416 1519 Lfg.
438 1482 529 1511 1—7.
548 1483 609 1512 oder
629 1482 693 1518 auch
720 1483 770 1512 den
799 1484 823 1513 1.
846 1481 903 1513 Bd.

225 1505 240 1536 1
265 1512 421 1559 Gervinus,
436 1525 523 1555 kleine
540 1524 688 1562 hiſtoriſche
703 1523 861 1563 Schriften.

287 1560 371 1599 erbst,
396 1566 605 1595 observationes
621 1567 655 1595 de
673 1568 845 1597 Pentateuchi
861 1578 927 1606 qua-

263 1600 323 1629 tuor
339 1605 416 1637 libris
435 1613 463 1637 et
487 1614 629 1640 comment.

261 1638 393 1689 Eichhoff,
409 1650 475 1684 uber
486 1654 526 1683 die
541 1651 663 1693 religiöſe
675 1653 857 1694 Weltanſicht
875 1658 922 1687 des

266 1682 407 1730 Plutarch.
425 1694 528 1734 Progr.
547 1695 687 1736 Elberfeld
707 1697 797 1730 1833.

291 1736 396 1766 nnalen
427 1740 451 1768 d.
478 1738 595 1778 Phyſik,
638 1748 693 1771 von
719 1742 924 1781 Poggendorff,

262 1766 351 1806 1855.
371 1778 397 1810 1.
414 1779 511 1820 Heft.

222 1802 237 1833 1
261 1804 404 1863 Gersdorf,
421 1821 618 1861 Repertorium
636 1824 718 1855 1853
735 1835 763 1857 u.
779 1824 865 1858 1854.

258 1852 404 1893 Almanach
419 1866 453 1894 de
472 1867 558 1895 Gotha
572 1867 665 1903 1808,
686 1867 768 1898 1815
788 1873 815 1897 et
831 1869 923 1900 1819.

261 1894 397 1943 Sohnoke,
415 1909 582 1939 Bibliotheca
598 1910 794 1942 malhematica.
813 1912 897 1950 Lpag.

283 1943 351 1975 odex
372 1953 571 1989 apocryphicus
590 1953 619 1983 N.
638 1953 679 1989 T.,
696 1954 740 1982 ed.
757 1954 845 1985 Thilo.

285 1989 393 2028 epping,
410 2003 572 2024 romancero
589 1996 748 2026 castellano.
773 1996 793 2026 3
816 1999 871 2028 vol.

221 2014 236 2045 1
259 2021 423 2073 Vetermann,
439 2040 615 2073 grammatica
633 2039 755 2068 arabica.

289 2070 441 2115 ckermann,
458 2080 611 2120 Geſpraͤche
633 2083 683 2113 mit
700 2080 819 2120 Goethe.

221 2141 235 2171 1
263 2103 420 2163 Schafarik,
437 2126 571 2163 ſlawiſche
586 2123 785 2164 Alterthuͤmer.
807 2126 824 2157 2
846 2125 919 2157 Bde.

258 2149 357 2195 Unger,
375 2163 484 2194 Chloris
499 2171 662 2204 protogaea.
683 2169 775 2199 1—7.

221 2217 317 2286 10
355 2237 444 2269 Emil
462 2242 600 2278 Baenſch
622 2244 775 2272 Sortiment
795 2245 821 2272 in
841 2246 922 2280 Mag⸗

219 2288 256 2325 M
271 2265 350 2304 eburg
369 2276 437 2306 ſucht
457 2278 551 2312 billigſt
571 2287 597 2306 u.
617 2278 820 2313 wohlerhalten:

224 2306 330 2342 meher,
353 2309 625 2353 Converſ.Lexikon.
649 2317 668 2346 I.
698 2316 757 2348 Bd.
786 2316 814 2347 4.
840 2316 919 2355 Heft.

273 2342 304 2376 V.
329 2349 386 2384 Bd.
410 2353 439 2387 4.
465 2357 583 2397 Abthlg.
609 2358 637 2389 3.
662 2358 709 2389 15.
733 2357 812 2398 Heft.
842 2360 917 2390 VIII.

261 2381 315 2419 Bo.
334 2393 362 2424 8.
384 2397 412 2427 9.
436 2398 480 2430 13.
506 2399 570 2439 Hft.
591 2401 637 2431 IX.
662 2400 719 2433 Bd.
744 2402 773 2432 7.
796 2400 861 2440 Hft.
885 2402 918 2432 X.

222 2424 314 2462 Bbd.
347 2436 375 2468 2.
404 2440 447 2471 bis
478 2442 525 2473 18.
554 2443 619 2482 Hft.
645 2444 690 2475 XI.
719 2443 777 2476 Bd.
801 2444 829 2475 3.
853 2444 918 2483 Hft.

257 2465 315 2503 MI.
332 2475 388 2511 Bd.
410 2481 439 2513 3.
455 2481 483 2515 4.
501 2485 530 2516 6.
549 2486 593 2517 bis
606 2483 655 2517 14.
667 2487 714 2517 16.
727 2487 771 2518 bis
786 2487 833 2518 18.
852 2487 917 2526 Hft.

255 2508 325 2546 XIII.
344 2520 402 2554 Bd.
424 2525 471 2557 15.
487 2526 551 2566 Hft.
569 2528 644 2561 XIV.
659 2529 687 2560 3.
700 2528 766 2569 Hft.
781 2530 841 2561 XV.
859 2530 916 2562 Bd.

213 2872 227 2902 1
244 2849 317 2877 unter
337 2857 485 2894 vorheriger
503 2863 723 2902 Preis⸗Anzeige:

277 2894 385 2930 agner,
404 2896 509 2933 Corpus
523 2899 593 2933 juris
603 2906 738 2934 metallici
754 2909 913 2937 recentissi-

249 2930 292 2955 mi.
309 2928 509 2972 (Brockhaus.)

973 338 1075 371 (6888.)

1006 376 1092 407 ſucht:

970 411 1092 447 Bartsch,
1110 413 1361 449 Peintre-graveur.
1379 417 1415 447 21
1435 418 1490 445 vol.

971 453 1199 494 Chryſoſtomus,
1226 457 1397 497 Predigten,
1415 467 1469 490 von
1489 459 1613 492 Cramer.
1637 461 1676 492 10

1013 497 1093 536 Thle.

968 539 1083 579 Hagen,
1101 541 1588 586 Wahrſcheinlichkeits⸗Rechnung.

968 582 1088 622 Kruͤger,
1103 585 1355 625 Uhrmacherkunſt.
1375 588 1391 618 2
1409 586 1488 625 Thle.

969 624 1092 663 Littrow,
1113 626 1329 668 Chorographie.

968 667 1058 705 Lloyd,
1075 668 1170 708 Geſch.
1189 673 1213 701 d.
1231 672 1307 709 phyſ.
1325 672 1421 709 Optik.

969 710 1127 749 Schreiber,
1145 714 1399 752 Uhrmacherkunſt.

967 754 1091 789 Snooke,
1110 756 1181 783 brief
1191 760 1294 786 astron.
1312 757 1409 785 tables.

967 796 1047 832 Zach,
1064 798 1161 827 Tables
1178 799 1235 829 abr.
1254 803 1281 827 et
1299 804 1370 836 port.
1389 800 1422 827 de
1438 801 1464 828 la
1481 802 1555 829 lune.

969 873 1071 908 6889.]
1110 873 1151 903 A.
1171 873 1318 908 Asher
1294 873 1314 912 &
1339 876 1400 905 Co.
1417 878 1443 905 in
1461 878 1556 906 Berlin
1575 880 1675 912 ſuchen:

967 911 983 940 1
1007 911 1136 947 Journal
1151 915 1197 943 des
1209 912 1302 948 Luxus
1312 924 1341 946 u.
1353 917 1397 946 der
1407 914 1528 952 Moden,
1543 918 1673 957 herausg.

1009 962 1035 985 v.
1053 954 1186 994 Bertuch.
1208 957 1235 987 1.
1253 956 1407 997 Jahrgang
1424 968 1452 990 u.
1472 960 1608 998 folgende.

970 1028 1071 1062 (6890.]
1110 1029 1151 1064 J.
1165 1025 1217 1059 S.
1236 1030 1353 1066 Meyer
1371 1033 1397 1060 in
1417 1034 1554 1069 Hamburg
1573 1035 1653 1067 ſucht:

965 1065 984 1094 6
1005 1065 1087 1104 Joſt,
1109 1067 1261 1106 Geſchichte
1278 1071 1302 1099 d.
1319 1069 1483 1107 Iſraeliten.
1505 1072 1523 1101 9
1537 1071 1609 1103 Bde.

965 1108 981 1137 1
1007 1108 1116 1137 Gesenii
1131 1110 1275 1139 thesaurus
1304 1112 1372 1146 ling.
1398 1112 1475 1141 hebr.
1495 1115 1551 1145 vol.
1567 1115 1615 1144 III.
1633 1115 1675 1143 bis

1009 1152 1121 1180 Schluss
1139 1152 1187 1180 des
1199 1153 1316 1183 Werlks.
1336 1151 1365 1184 4.
1380 1152 1508 1192 (Vogel.)

966 1192 981 1221 1
1008 1193 1155 1231 Schiller's
1181 1194 1289 1226 Werke.
1314 1194 1403 1226 Band
1427 1196 1454 1226 2.
1480 1196 1670 1237 (Schillerfor⸗

1008 1235 1093 1273 mat.)

966 1276 981 1305 1
1007 1276 1211 1314 Shakeſpeare,
1227 1286 1252 1307 v.
1268 1277 1399 1316 Schlegel
1413 1288 1441 1309 u.
1453 1279 1538 1311 Tieck.
1551 1281 1579 1311 3.
1590 1280 1669 1320 Aufl.

1006 1319 1094 1350 Band
1113 1319 1141 1349 9.
1160 1317 1251 1350 1844.

964 1392 1065 1427 6891.]
1104 1392 1147 1422 K.
1225 1389 1347 1427 Köhler
1366 1394 1392 1421 in
1413 1394 1511 1428 Leipzig
1532 1395 1613 1428 ſucht:

963 1431 979 1460 1
1005 1431 1119 1459 Fabricii
1133 1430 1301 1469 bibliotheca
1318 1432 1367 1460 lat.
1381 1431 1451 1461 med.
1465 1435 1490 1459 et
1502 1432 1549 1462 ink.
1563 1434 1669 1462 aetatis.

964 1473 980 1503 1
1006 1474 1147 1511 Cailliaud,
1165 1483 1275 1511 voyage
1293 1476 1309 1504 à
1325 1475 1423 1504 Méroé.
1442 1472 1461 1504 4
1477 1476 1533 1504 vol.
1551 1475 1579 1507 8.

965 1520 981 1548 1
1007 1517 1111 1556 Maaß,
1132 1517 1253 1557 Verſuch
1269 1517 1315 1549 uͤb.
1334 1520 1374 1550 die
1388 1517 1669 1559 Einbildungskraft.

963 1562 979 1591 1
1003 1561 1162 1596 Schmidt's
1186 1563 1280 1593 medic.
1307 1560 1489 1600 Jahrbuͤcher.
1513 1562 1668 1603 Jahrgang

1006 1602 1087 1635 1840
1103 1614 1130 1636 u.
1153 1605 1179 1636 1.
1192 1604 1317 1644 Suppl.
1403 1633 1405 1635 ö

965 1648 979 1678 1
1006 1648 1187 1687 Gedenkbuch
1206 1650 1252 1680 des
1269 1648 1347 1686 Phil,
1366 1651 1395 1680 de
1413 1648 1592 1689 Vigneulles.

963 1692 978 1721 1
1005 1692 1172 1729 Sinapius,
1190 1693 1331 1732 ſchleſiſche
1352 1691 1550 1732 Curioſitaͤten.

964 1767 1065 1801 (6892.]
1119 1766 1159 1795 A.
1183 1766 1339 1796 Baedeker
1363 1768 1389 1795 in
1417 1769 1573 1797 Rotterdam
1601 1771 1670 1803 ſucht

998 1803 1071 1836 billig
1091 1804 1143 1830 alte
1163 1802 1239 1837 (auch
1259 1803 1354 1834 defecte
1375 1804 1435 1831 oder
1455 1803 1623 1839 beſchmutzte)

961 1838 1133 1879 Jahrgaͤnge
1143 1839 1356 1879 derFliegenden
1367 1838 1481 1873 Blaͤtter
1502 1845 1547 1873 und
1559 1838 1665 1882 Duͤſſel⸗

1003 1884 1091 1919 dorfer
1101 1881 1313 1920 Monatshefte.

1117 333 1163 393 A.
1191 340 1234 369 G.
1259 338 1419 372 Salomon
1447 346 1471 371 in
1504 344 1677 379 Kopenhagen

961 1962 1063 1998 6893.]
1103 1961 1139 1991 L.
1171 1963 1379 1998 Heſtermann
1405 1967 1432 1993 in
1462 1968 1559 1996 Altona
1584 1970 1667 2003 ſucht:

963 2002 977 2030 1
1000 2000 1098 2037 Fichte,
1111 1999 1209 2033 Reden
1227 2011 1264 2033 an
1281 2003 1307 2032 d.
1323 2003 1416 2040 dtſche.
1432 2002 1554 2044 Nation.

961 2044 976 2072 1
1003 2041 1109 2078 Sallet,
1122 2041 1397 2082 Laienevangelium.

961 2087 975 2116 1
1001 2085 1113 2124 Kayſer,
1134 2085 1347 2124 Buͤcherlexikon
1365 2094 1391 2119 v.
1420 2089 1638 2123 1750—1840.

961 2161 1063 2196 16894.]
1101 2161 1146 2192 R.
1165 2163 1339 2198 Hoffmann
1335 2161 1367 2204 in
1405 2168 1505 2204 Leipzig
1525 2172 1608 2204 ſucht:

961 2199 974 2228 1
1001 2198 1131 2232 Weber's
1150 2202 1245 2240 illuſtr.
1263 2200 1403 2234 Kalender
1424 2204 1599 2239 184649.

959 2242 975 2271 1
1000 2258 1042 2263 —
1059 2241 1277 2276 Volkskalender
1293 2242 1384 2276 1853.

960 2325 1061 2359 (6895.]
1089 2325 1131 2355 C.
1151 2324 1297 2360 Troſchel
1317 2327 1343 2354 in
1361 2329 1439 2357 Trier
1458 2333 1525 2365 ſucht
1541 2341 1565 2361 u.
1587 2334 1666 2361 bittet

993 2369 1036 2389 um
1055 2362 1191 2395 Offerten:

957 2398 975 2429 3
995 2399 1038 2429 bis
1057 2397 1076 2428 4
1096 2398 1259 2438 Exemplare
1281 2406 1307 2428 v.
1325 2398 1427 2437 Crelle,
1451 2403 1661 2443 Rechentafeln.

1000 2442 1016 2472 2
1035 2440 1146 2473 Baͤnde.
1176 2442 1307 2479 (Berlin,
1330 2441 1521 2485 Maurer'ſche
1536 2447 1662 2486 Buchh.)

957 2518 1060 2553 (6896.]
1100 2520 1216 2555 Moritz
1231 2520 1380 2555 Jourdan
1399 2525 1425 2551 in
1445 2526 1541 2562 Mainz
1556 2528 1640 2561 ſucht:

956 2556 971 2585 1
998 2556 1137 2596 Virchow,
1154 2559 1323 2597 Pathologie
1341 2568 1369 2589 u.
1387 2559 1533 2602 Therapie.

948 2680 1349 2773 Zurückverlangte
1374 2680 1659 2773 Neuigkeiten.

999 2793 1209 2829 Mommsen's
1235 2794 1395 2829 römische
1423 2798 1619 2835 Geschichte

954 2842 1055 2876 (6897.]
1231 2848 1265 2874 3.
1282 2846 1389 2875 Band

949 2886 1035 2913 haben
1065 2887 1115 2914 wir
1141 2887 1215 2913 nicht
1237 2885 1333 2912 anders
1360 2892 1510 2918 versenden
1541 2893 1659 2926 können,

949 2921 989 2947 als
1013 2926 1095 2948 unter
1120 2923 1281 2956 Bedingung
1307 2921 1429 2957 baldiger
1458 2927 1660 2961 Rücksendung

949 2957 997 2983 der
1007 2957 1205 2985 unverkauften
1214 2956 1381 2990 Exemplare.
1401 2960 1461 2987 Wir
1470 2962 1530 2989 sind
1540 2962 1677 2997 dadurc

1713 346 1871 382 berechtigt,
1891 350 1934 376 die
1944 351 2083 378 Annahme
2104 362 2155 379 von
2173 355 2359 383 Remittenden
2377 357 2423 382 da-

1711 389 1779 414 von,
1807 384 1907 410 welche
1930 387 2023 420 später
2051 388 2091 413 als
2110 388 2189 415 Ende
2215 390 2281 417 Juni
2306 392 2332 419 d.
2350 392 2375 418 J.
2394 392 2424 418 in

1711 415 1826 450 Leipzig
1845 419 2005 455 eintreffen,
2029 431 2063 448 au
2079 424 2254 458 verweigern.
2297 428 2361 454 Dies
2382 437 2423 453 er-

1710 449 1808 477 lauben
1839 454 1890 479 wir
1917 463 1967 481 uns
1997 457 2023 482 in
2052 458 2227 494 Erinnerung
2251 471 2284 487 zu
2307 464 2423 497 bringen

1711 485 1767 510 und
1794 486 1880 514 bitten
1904 498 1946 516 um
1967 500 1996 516 so
2021 493 2187 527 dringender
2207 503 2248 520 um
2265 497 2422 533 schleunige

1711 520 1929 558 Rücksendung,
1949 526 1983 551 da
2003 536 2085 554 unser
2105 529 2219 556 Vorrath
2238 539 2298 557 vom
2314 534 2338 559 3.
2354 535 2423 561 Bde.

1710 556 1765 581 fast
1783 557 1924 592 erschöpft
1938 560 1983 587 ist.

1780 590 1884 625 Wegen
1902 593 2011 629 Mangel
2035 606 2067 622 an
2086 598 2265 633 Exemplaren
2285 600 2425 630 bedauern

1710 625 1760 651 Wir
1784 626 1933 654 zahlreiche
1963 631 2157 666 Bestellungen
2183 636 2231 661 auf
2252 636 2303 662 den
2333 639 2423 665 ersten

1711 660 1789 686 Band
1813 662 1887 688 nicht
1909 665 2055 692 ausführen
2077 676 2111 693 zu
2135 669 2261 703 können,
2287 680 2340 697 von
2362 671 2421 698 dem

1709 695 1823 728 jedoch,
1850 697 1988 725 vielleicht
2011 701 2092 727 schon
2116 712 2203 737 gegen
2231 706 2311 732 Ende
2333 706 2421 733 dieses

1691 746 1693 784 ö
1709 730 1817 764 Jahres,
1839 732 1899 758 eine
1920 742 1988 760 neue
2007 736 2119 771 Auflage
2138 739 2298 767 erscheinen
2316 742 2390 767 wird.

1779 766 1885 800 Berlin,
1905 769 1947 794 26.
1965 769 2020 795 Mai
2037 773 2112 799 1856.

1713 877 1814 911 16898.]
1894 877 2103 926 Schleunigſt
2124 860 2256 928 zurück

1691 924 1759 960 alle
1786 929 1865 962 ohne
1887 931 2039 965 Ausſicht
2061 937 2117 965 auf
2145 937 2249 973 Abſatz
2280 931 2420 974 lagernden

1691 966 1864 998 Exemplare
1885 974 1949 994 von:

1709 1000 1869 1043 Chriſtiani,
1885 1003 2206 1045 lLandwirthſchaftliche
2221 1009 2417 1048 Mittheilun⸗

1752 1053 1816 1083 gen.
1837 1046 1865 1078 1.

1691 1088 1818 1119 erbittet
1835 1088 1879 1120 ſich

1814 1122 1900 1152 Karl
1913 1123 2107 1160 Wiegandt's
2121 1129 2221 1164 Verlag
2237 1131 2263 1157 in
2277 1130 2383 1158 Berlin.

1689 1179 1691 1199 ö
2351 1192 2420 1195 ——

1689 1208 1812 1256 (6899.]
1837 1207 2027 1253 Dringende
2036 1212 2133 1247 Bitte
2149 1223 2204 1249 um
2218 1215 2420 1258 Remiſſion!

1689 1261 1690 1276 ö
1777 1257 1833 1283 Alle
1853 1259 2016 1291 disponirten
2035 1262 2189 1296 Exemplare
2208 1270 2275 1290 von:

1706 1291 1887 1329 Maleriſche
1925 1295 2136 1332 Feierſtunden.
2189 1298 2275 1335 Erſte
2312 1300 2415 1332 Serie.

1688 1334 1837 1364 Band
1854 1337 1874 1363 I
1891 1335 1941 1365 bis
1959 1339 2041 1366 VII.

1687 1375 1888 1413 Illuſtrirtes
1906 1376 2095 1417 Kinderbuch.
2117 1385 2151 1411 3.
2167 1381 2267 1412 Band.

1688 1414 1785 1454 Buch
1811 1419 1861 1448 der
1884 1419 2092 1459 Erfindungen.
2115 1424 2183 1461 (In
2205 1427 2299 1462 jeder
2323 1427 2412 1459 Aus⸗

1687 1460 1861 1500 gabe.)

1707 1502 1800 1529 erbitte
1825 1504 1859 1536 ich
1881 1506 1930 1532 mir
1947 1506 2124 1540 insbeſondere
2143 1515 2193 1536 von
2215 1510 2261 1537 den
2282 1507 2415 1548 ruſſiſchen

1688 1539 1755 1565 und
1785 1540 1851 1567 allen
1881 1543 2026 1572 entfernten
2053 1544 2226 1579 Handlungen
2253 1547 2413 1581 dringend

1689 1576 1756 1609 und
1783 1576 1935 1610 wiederholt
1959 1579 2105 1615 ſchleunigſt
2133 1580 2226 1615 zuruͤck.
2270 1583 2319 1615 Ich
2348 1584 2415 1611 kann

1689 1610 1811 1645 hiervon
1832 1612 1918 1647 ſpaͤter
1937 1615 1991 1642 kein
2009 1616 2149 1650 Exemplar
2170 1619 2240 1653 mehr
2262 1619 2413 1654 annehmen,

1689 1648 1737 1683 da
1761 1649 1799 1676 die
1823 1651 1993 1679 vorbereitete
2019 1660 2081 1681 neue
2103 1655 2214 1689 Auflage
2243 1656 2297 1683 eine
2323 1656 2413 1684 bedeu⸗

1689 1685 1780 1719 tende
1805 1685 1988 1723 Vermehrung
2013 1691 2063 1717 und
2087 1689 2214 1725 gaͤnzliche
2233 1690 2414 1727 Umaͤnderung

1689 1719 1816 1755 erfaͤhrt.

1961 1757 2043 1787 Otto
2063 1758 2203 1792 Spamer
2221 1762 2247 1788 in
2267 1763 2378 1796 Leipzig.

1688 1810 1690 1839 ö

1687 1845 1807 1879 (6900.)]
1847 1847 1887 1872 An
1905 1846 2093 1882 Handlungen,
2115 1849 2203 1881 welche

1807 1889 1979 1937 Michelet,
2000 1891 2200 1941 Italieniſche
2221 1893 2311 1941 Neiſe

1686 1947 1767 1983 ohne
1783 1950 1899 1983 Ausſicht
1917 1951 1963 1982 auf
1978 1950 2062 1984 Abſatz
2083 1952 2131 1983 auf
2147 1952 2201 1978 dem
2221 1952 2301 1985 Lager
2320 1951 2412 1987 haben,

1685 1977 1779 2017 richte
1808 1985 1842 2015 ich
1868 1985 1906 2012 die
1925 1985 2062 2018 dringende
2086 1985 2182 2018 Bitte,
2205 1987 2255 2013 mir
2280 1988 2328 2014 alle
2355 1992 2411 2016 ent⸗

1685 2021 1844 2054 behrlichen
1869 2020 2021 2052 Exemplare
2052 2021 2101 2047 mit
2128 2021 2204 2052 erſter
2237 2018 2410 2067 Gelegenheit

1703 2064 1734 2090 zu
1757 2056 1911 2084 remittiren.
1951 2055 2119 2090 Gleichzeitig
2145 2056 2257 2083 bemerke
2282 2057 2333 2090 ich,
2360 2060 2408 2092 daß

1703 2093 1737 2123 ich
1761 2091 1833 2124 jenes
1854 2089 1932 2117 Werk
1959 2097 2008 2117 nur
2031 2091 2089 2123 noch
2119 2091 2146 2118 in
2174 2091 2249 2122 feſter
2269 2093 2410 2131 Rechnung

1684 2128 1799 2154 liefere.

1713 2128 1749 2159 —
2025 2158 2176 2194 Heinrich
2195 2160 2375 2196 Schindler.

1767 2156 1874 2198 Berlin.

1682 2220 1803 2281 (6901.
1841 2238 1926 2263 Trotz
1949 2237 1997 2263 des
2020 2237 2047 2263 in
2067 2238 2153 2272 Folge
2177 2240 2227 2267 der
2245 2243 2412 2274 zahlreichen

1682 2272 1965 2306 Nachbestellungen
1989 2274 2203 2302 veranstalteten
2227 2280 2253 2306 2.
2270 2280 2411 2308 Abdrucks

1699 2318 1759 2335 vom

1751 2345 1951 2380 Gothischen
1966 2344 2187 2384 Musterbuch.
2214 2353 2245 2387 1.
2266 2353 2350 2388 Lief.

1698 2395 1759 2422 sind
1780 2392 1996 2428 augenblicklich
2021 2395 2166 2425 wiederum
2191 2402 2241 2429 alle
2268 2402 2320 2430 Ex.
2349 2408 2408 2426 ver-

1697 2431 1811 2465 gritken;
1830 2429 1872 2455 ich
1891 2428 1960 2455 bitte
1979 2429 2075 2465 daher,
2097 2434 2161 2468 gefl.
2181 2437 2234 2464 alle
2254 2438 2322 2464 ohne
2339 2435 2409 2461 Aus-

1697 2465 1767 2492 sicht
1789 2464 1837 2490 auf
1858 2464 1960 2490 Absatz
1983 2465 2028 2492 bei
2052 2466 2139 2496 Ihnen
2161 2472 2309 2507 lagernden
2327 2468 2407 2508 Expl.

1697 2500 1841 2533 möglichst
1863 2500 2005 2536 schleunig
2029 2511 2063 2530 an
2089 2506 2157 2533 mich
2187 2516 2221 2534 zu
2251 2505 2406 2532 remittiren,

1697 2535 1751 2562 und
1769 2534 1859 2562 werde
1873 2535 1916 2562 die
1932 2536 2080 2575 Erfüllung
2097 2542 2186 2569 dieses
2203 2539 2323 2568 Gesuchs
2341 2536 2407 2560 dan-

1696 2570 1767 2596 kend
1786 2570 1933 2597 erkennen.

1766 2605 1861 2632 Leipzig,
1917 2608 1959 2635 26.
2025 2611 2031 2617 i
2063 2622 2169 2638 1856.

1818 2614 1834 2640 E
1928 2653 1932 2658 2
1975 2604 2032 2649 Mai
2052 2613 2133 2674 90
2153 2645 2193 2671 0.
2212 2636 2369 2671 Weigel.

1697 2708 1800 2743 (6902.]
1845 2710 1942 2749 Bitte
1965 2723 2019 2750 um
2038 2708 2295 2761 Rückſendung!

1765 2761 1888 2798 Obgleich
1909 2767 1957 2794 wir
1977 2767 2015 2793 die
2034 2765 2142 2795 Auflage
2161 2761 2203 2786 der
2225 2758 2249 2781 1.
2269 2756 2330 2787 Lief.
2352 2761 2401 2784 von

1881 2804 1933 2834 Dr.
1950 2800 1995 2843 H.
2011 2793 2209 2839 Berghaus,

1779 2842 1864 2882 Was
1886 2856 1957 2882 man
1975 2853 2035 2879 von
2052 2846 2104 2876 der
2131 2836 2217 2872 Erde
2239 2835 2315 2883 weiß

1695 2892 1735 2920 bis
1762 2884 1812 2931 auf
1828 2895 1923 2926 10,000
1944 2892 2057 2923 Erempl.
2091 2884 2241 2919 erhöheten
2272 2886 2297 2918 ſo
2329 2886 2403 2931 ſehen

1695 2901 1745 2956 wüt
1763 2897 1818 2957 uns
1847 2930 1903 2959 doch
1933 2928 1988 2960 jegt
2015 2924 2083 2957 ſchon
2115 2920 2194 2951 außer
2219 2920 2401 2966 Stande,
2357 2907 2401 2966 die

1695 2963 1787 2999 täglich
1803 2965 1860 2996 noch
1875 2960 2041 2996 eingehenden
2058 2955 2240 2989 Beſtellungen
2255 2957 2404 2989 effectuiren

317 2559 364 2593 21.
395 2564 459 2605 Hft.
490 2569 561 2601 XVi.
598 2572 684 2602 XVI)I.
712 2573 814 2604 XVII.
847 2573 917 2602 XIX.

254 2592 310 2630 Bd.
340 2604 367 2636 1.
394 2608 422 2639 2.
445 2610 561 2653 Abthig.
597 2615 655 2646 XX.
677 2615 719 2647 bis
737 2616 835 2646 XXIII.
857 2615 915 2648 Bd.

253 2650 294 2707 1
313 2648 402 2678 II.
420 2650 536 2693 Abthlg.
556 2656 601 2688 III.
619 2658 677 2691 Bd.
701 2658 835 2691 11—20.
850 2658 914 2698 Hft.

299 2688 416 2722 Tan
452 2695 525 2724 XV.
553 2699 580 2729 1.
597 2701 626 2732 2.
648 2701 708 2732 XV.
733 2701 791 2733 Bd.
815 2718 853 2723 —
878 2718 913 2722 —

254 2719 364 2766 Suppl.
383 2734 487 2765 I—VI.
503 2737 561 2771 Bd.

216 2770 377 2806 ———
396 2799 400 2800 —
461 2801 463 2803 —
507 2803 603 2807 ————
635 2807 649 2809 —
684 2809 718 2811 —
790 2810 796 2812 —
822 2810 824 2812 —
850 2810 912 2812 ——

215 2801 310 2848 Loan]
353 2819 399 2851 R.,
425 2824 508 2854 Kort
533 2829 559 2855 in
587 2830 706 2862 Dresden
733 2836 800 2869 ſucht
821 2835 915 2870 billigſt
